brand,region,city,location_type,event_type,start_date,end_date,lease_length_days,sku,product_name,price_usd,avg_daily_footfall,units_sold,sell_through_pct,sold per day,Total Revenue,Total Visitors 
Charlotte Tilbury,North America,Miami,Art/Design District,Flash Event,2/25/24,3/2/24,6,LE-UQYNQA1A,Charlotte Tilbury Glow Mascara,62.21,1107,3056,98.9,509.3333333,190113.76,6642
Valentino Beauty,North America,New York,Airport Duty-Free,Flash Event,3/17/24,6/9/24,84,LE-9E9FTDSM,Valentino Beauty Pearl Eyeshadow Palette,77.93,1652,2782,86.32,33.11904762,216801.26,138768
YSL Beauty,Europe,Berlin,Airport Duty-Free,Standalone Pop-Up,2/26/25,3/10/25,12,LE-W921CLUG,YSL Beauty Glow Eyeshadow Palette,149.91,752,2720,69.18,226.6666667,407755.2,9024
Hermès Beauty,North America,Chicago,Airport Duty-Free,Standalone Pop-Up,7/6/25,8/4/25,29,LE-MPO4BX6H,Hermès Beauty Pearl Highlighter,80.32,1688,203,66.78,7,16304.96,48952
Tom Ford Beauty,Europe,London,High-Street,Shop-in-Shop,12/6/24,12/25/24,19,LE-M3D94MYP,Tom Ford Beauty Noir Highlighter,56.15,1012,1292,80.1,68,72545.8,19228
Givenchy Beauty,Europe,Madrid,Airport Duty-Free,Mall Kiosk,2/9/25,4/6/25,56,LE-XC24B5BF,Givenchy Beauty Opulence Lipstick,38.53,1405,489,57.73,8.732142857,18841.17,78680
Guerlain,Asia-Pacific,Tokyo,Department Store Atrium,Mobile Pop-Up Truck,1/7/25,2/25/25,49,LE-UM8IQ2M4,Guerlain Satin Blush,64.51,833,594,86.46,12.12244898,38318.94,40817
Rare Beauty,Europe,London,Art/Design District,Mall Kiosk,2/21/24,5/8/24,77,LE-VF37GYEW,Rare Beauty Lumière Setting Powder,58.7,951,2480,56.31,32.20779221,145576,73227
Pat McGrath Labs,North America,Toronto,Luxury Mall,Shop-in-Shop,7/28/24,8/19/24,22,LE-62JBXHRU,Pat McGrath Labs Satin Blush,47.17,1566,1574,72.4,71.54545455,74245.58,34452
Estée Lauder,Europe,London,Airport Duty-Free,Mall Kiosk,3/31/24,6/16/24,77,LE-S5MMVMDZ,Estée Lauder Mirage Highlighter,47.71,1333,2538,61.17,32.96103896,121087.98,102641
Armani Beauty,North America,Miami,High-Street,Shop-in-Shop,10/11/24,1/8/25,89,LE-4U7A4IY2,Armani Beauty Glow Fragrance,118.17,2097,3307,83.89,37.15730337,390788.19,186633
Charlotte Tilbury,Europe,Madrid,Department Store Atrium,Standalone Pop-Up,4/30/24,6/21/24,52,LE-QZSWQGCX,Charlotte Tilbury Opulence Eyeshadow Palette,93.38,1313,2375,66.9,45.67307692,221777.5,68276
Givenchy Beauty,Latin America,Buenos Aires,High-Street,Standalone Pop-Up,4/4/24,4/19/24,15,LE-6VLGOBDP,Givenchy Beauty Noir Eyeshadow Palette,67.69,1240,2939,60.89,195.9333333,198940.91,18600
La Prairie,North America,Miami,Department Store Atrium,Flash Event,3/8/24,4/6/24,29,LE-XBK5QA4S,La Prairie Glow Mascara,42.61,921,2725,85.08,93.96551724,116112.25,26709
MAC Cosmetics,Asia-Pacific,Seoul,Luxury Mall,Mobile Pop-Up Truck,9/4/24,12/2/24,89,LE-AMSY19SB,MAC Cosmetics Noir Highlighter,77.8,974,2727,77.78,30.64044944,212160.6,86686
YSL Beauty,Middle East,Riyadh,Airport Duty-Free,Mall Kiosk,5/7/24,7/18/24,72,LE-EX9VSIH6,YSL Beauty Mirage Fragrance,316.49,1258,2852,60.67,39.61111111,902629.48,90576
Chanel,North America,Toronto,Luxury Mall,Standalone Pop-Up,1/25/25,4/23/25,88,LE-8YA56CT5,Chanel Éclat Fragrance,211.05,2033,2870,77.8,32.61363636,605713.5,178904
NARS,Asia-Pacific,Shanghai,Art/Design District,Shop-in-Shop,6/22/24,7/8/24,16,LE-JWFNJJSV,NARS Lumière Highlighter,78.02,1350,1637,62.99,102.3125,127718.74,21600
Sisley-Paris,Asia-Pacific,Seoul,High-Street,Shop-in-Shop,2/10/25,2/18/25,8,LE-386SS2FI,Sisley-Paris Glow Primer,48.69,2199,389,80.54,48.625,18940.41,17592
Bobbi Brown,Latin America,Lima,Art/Design District,Flash Event,3/31/25,6/7/25,68,LE-K4E6KSXV,Bobbi Brown Glow Highlighter,51.55,621,3054,63.9,44.91176471,157433.7,42228
Dior,Latin America,Unknown,Luxury Mall,Mobile Pop-Up Truck,7/18/24,8/29/24,42,LE-UF2MHEQ3,Dior Lumière Lipstick,54.11,896,803,64.97,19.11904762,43450.33,37632
Sisley-Paris,Europe,Unknown,Airport Duty-Free,Mall Kiosk,4/25/24,5/24/24,29,LE-WTLTYMCW,Sisley-Paris Noir Foundation,119.54,1425,1104,52.27,38.06896552,131972.16,41325
Sisley-Paris,Europe,Milan,Airport Duty-Free,Mobile Pop-Up Truck,3/10/24,3/25/24,15,LE-3UBWPR86,Sisley-Paris Velvet Foundation,71.57,2168,2045,73.64,136.3333333,146360.65,32520
Armani Beauty,Asia-Pacific,Seoul,High-Street,Mobile Pop-Up Truck,4/10/25,4/27/25,17,LE-KE3UKZ0P,Armani Beauty Opulence Serum,232.34,2573,3294,71.45,193.7647059,765327.96,43741
Hermès Beauty,Latin America,São Paulo,High-Street,Standalone Pop-Up,4/22/24,5/18/24,26,LE-BC3YJ44I,Hermès Beauty Velvet Mascara,49.93,2220,2173,52.48,83.57692308,108497.89,57720
La Prairie,North America,Miami,Luxury Mall,Flash Event,4/6/24,4/23/24,17,LE-1VMHOQLW,La Prairie Éclat Lipstick,39.38,1606,743,61.3,43.70588235,29259.34,27302
Clé de Peau Beauté,Latin America,São Paulo,Airport Duty-Free,Mobile Pop-Up Truck,4/6/25,6/11/25,66,LE-VOI6Y1PF,Clé de Peau Beauté Pearl Lipstick,41.09,2007,1224,100,18.54545455,50294.16,132462
Hermès Beauty,Latin America,Bogotá,Art/Design District,Shop-in-Shop,2/8/25,2/22/25,14,LE-PT8EMZ2G,Hermès Beauty Opulence Eyeshadow Palette,115.29,874,678,46.25,48.42857143,78166.62,12236
Valentino Beauty,Europe,Berlin,Airport Duty-Free,Shop-in-Shop,10/3/24,11/14/24,42,LE-5GC15BFT,Valentino Beauty Éclat Eyeshadow Palette,149.86,2219,118,44.53,2.80952381,17683.48,93198
Huda Beauty,Asia-Pacific,Seoul,High-Street,Shop-in-Shop,4/6/25,4/23/25,17,LE-NO1K7GHO,Huda Beauty Éclat Setting Powder,83.66,1456,885,75.19,52.05882353,74039.1,24752
Hermès Beauty,Europe,Milan,Airport Duty-Free,Shop-in-Shop,4/27/25,5/10/25,13,LE-1K80FI4D,Hermès Beauty Noir Foundation,75.22,1493,1663,48.26,127.9230769,125090.86,19409
Chanel,Latin America,Buenos Aires,Art/Design District,Mall Kiosk,9/5/24,11/18/24,74,LE-QHSLVGI2,Chanel Mirage Mascara,30.75,718,704,66.48,9.513513514,21648,53132
NARS,Asia-Pacific,Shanghai,Department Store Atrium,Standalone Pop-Up,11/3/24,12/20/24,47,LE-2NYM7JFC,NARS Rouge Highlighter,66.73,1517,854,66.15,18.17021277,56987.42,71299
Chanel,Asia-Pacific,Shanghai,Department Store Atrium,Flash Event,7/4/24,9/6/24,64,LE-DPH63DMG,Chanel Glow Serum,170.29,1605,2962,91.05,46.28125,504398.98,102720
Rare Beauty,North America,Toronto,Department Store Atrium,Shop-in-Shop,6/3/24,6/16/24,13,LE-SQD56OOJ,Rare Beauty Satin Primer,66.23,1234,2515,61.3,193.4615385,166568.45,16042
Rare Beauty,Europe,London,Art/Design District,Flash Event,10/31/24,12/25/24,55,LE-J9NIXMML,Rare Beauty Velvet Highlighter,85.35,1220,2725,69.46,49.54545455,232578.75,67100
Estée Lauder,North America,Chicago,Department Store Atrium,Shop-in-Shop,3/31/24,5/30/24,60,LE-MF69APHM,Estée Lauder Opulence Eyeshadow Palette,105.04,691,2296,50.44,38.26666667,241171.84,41460
Huda Beauty,Asia-Pacific,Hong Kong,Airport Duty-Free,Standalone Pop-Up,7/24/24,10/19/24,87,LE-LI3U40B5,Huda Beauty Éclat Primer,65.07,1001,3761,93.05,43.22988506,244728.27,87087
Sisley-Paris,Middle East,Jeddah,Department Store Atrium,Mall Kiosk,7/18/25,7/25/25,7,LE-46F6IFBF,Sisley-Paris Éclat Serum,279.14,888,2551,51.06,364.4285714,712086.14,6216
YSL Beauty,Europe,Madrid,Airport Duty-Free,Mobile Pop-Up Truck,1/8/25,1/14/25,6,LE-82NRN3EV,YSL Beauty Pearl Blush,41.05,785,2440,59.17,406.6666667,100162,4710
Valentino Beauty,Latin America,São Paulo,Department Store Atrium,Mall Kiosk,1/1/25,3/20/25,78,LE-TX6NH9N8,Valentino Beauty Satin Fragrance,236.65,1466,2016,71.64,25.84615385,477086.4,114348
MAC Cosmetics,Asia-Pacific,Singapore,Luxury Mall,Standalone Pop-Up,4/18/25,7/14/25,87,LE-UWU9ZFZE,MAC Cosmetics Glow Primer,59.63,852,1836,82.59,21.10344828,109480.68,74124
Charlotte Tilbury,Europe,Milan,Airport Duty-Free,Mobile Pop-Up Truck,10/3/24,11/10/24,38,LE-4LTAVIV9,Charlotte Tilbury Lumière Serum,84.34,1518,3254,94.57,85.63157895,274442.36,57684
Bobbi Brown,Latin America,São Paulo,High-Street,Standalone Pop-Up,6/15/25,7/2/25,17,LE-TBHTA4C9,Bobbi Brown Mirage Lipstick,37.48,2426,2939,74.01,172.8823529,110153.72,41242
Clé de Peau Beauté,Middle East,Doha,Department Store Atrium,Standalone Pop-Up,9/19/24,12/8/24,80,LE-2S5MCAV9,Clé de Peau Beauté Noir Primer,37.99,980,3427,70.33,42.8375,130191.73,78400
Bobbi Brown,North America,Chicago,Department Store Atrium,Shop-in-Shop,2/27/24,3/30/24,32,LE-TG82GBN5,Bobbi Brown Rouge Blush,48.2,644,2547,68.32,79.59375,122765.4,20608
Guerlain,North America,New York,Luxury Mall,Shop-in-Shop,6/14/24,7/6/24,22,LE-C4LL95DQ,Guerlain Satin Mascara,61.69,1725,1619,66.68,73.59090909,99876.11,37950
Shiseido,Asia-Pacific,Singapore,Art/Design District,Flash Event,2/23/24,4/4/24,41,LE-T4BSKLWB,Shiseido Glow Mascara,73.49,758,755,71.77,18.41463415,55484.95,31078
Bobbi Brown,Europe,Milan,Department Store Atrium,Shop-in-Shop,10/10/24,12/31/24,82,LE-G1QJUSJQ,Bobbi Brown Mirage Fragrance,339.9,1715,1447,77.05,17.64634146,491835.3,140630
Tom Ford Beauty,Asia-Pacific,Seoul,Department Store Atrium,Mobile Pop-Up Truck,5/15/25,6/10/25,26,LE-LYCUJZ0Q,Tom Ford Beauty Lumière Setting Powder,67.78,1712,1291,56.9,49.65384615,87503.98,44512
Armani Beauty,North America,Miami,Art/Design District,Standalone Pop-Up,8/21/24,10/12/24,52,LE-M5YZ6FCC,Armani Beauty Rouge Setting Powder,49.28,963,3316,75.69,63.76923077,163412.48,50076
Clé de Peau Beauté,Asia-Pacific,Shanghai,Airport Duty-Free,Mobile Pop-Up Truck,3/20/25,4/17/25,28,LE-867B2HS5,Clé de Peau Beauté Noir Setting Powder,79.23,1057,3420,98.7,122.1428571,270966.6,29596
Pat McGrath Labs,North America,Chicago,Art/Design District,Shop-in-Shop,4/6/24,4/13/24,7,LE-NL8HLI8K,Pat McGrath Labs Satin Serum,174.7,1324,2201,51.01,314.4285714,384514.7,9268
Sisley-Paris,Asia-Pacific,Singapore,Art/Design District,Mall Kiosk,7/16/24,8/4/24,19,LE-Z9EETNGP,Sisley-Paris Mirage Blush,47.63,706,1752,86.26,92.21052632,83447.76,13414
NARS,Latin America,Bogotá,Art/Design District,Flash Event,1/28/25,3/1/25,32,LE-1V3EXMI8,NARS Pearl Highlighter,79.94,642,3251,82.55,101.59375,259884.94,20544
Givenchy Beauty,Middle East,Dubai,High-Street,Mall Kiosk,8/21/24,8/26/24,5,LE-09689UTH,Givenchy Beauty Pearl Setting Powder,83.14,2506,1919,56.99,383.8,159545.66,12530
Estée Lauder,Asia-Pacific,Singapore,Luxury Mall,Mall Kiosk,3/25/25,6/12/25,79,LE-KGY5TZYQ,Estée Lauder Lumière Lipstick,66.87,1032,2865,69.25,36.26582278,191582.55,81528
Bobbi Brown,Asia-Pacific,Hong Kong,Department Store Atrium,Standalone Pop-Up,10/11/24,11/28/24,48,LE-V8ZQ4WY1,Bobbi Brown Rouge Primer,49.24,1151,4340,95.91,90.41666667,213701.6,55248
Hermès Beauty,Europe,London,High-Street,Shop-in-Shop,3/11/24,5/31/24,81,LE-DQ9T86F0,Hermès Beauty Éclat Blush,42.73,2521,1895,49.26,23.39506173,80973.35,204201
Estée Lauder,Europe,Paris,High-Street,Flash Event,2/11/25,4/9/25,57,LE-DGE3JZQT,Estée Lauder Lumière Fragrance,142.88,1814,1359,97.42,23.84210526,194173.92,103398
Dior,Asia-Pacific,Shanghai,Department Store Atrium,Mall Kiosk,5/8/25,7/26/25,79,LE-3FVZGCD4,Dior Glow Foundation,60.92,1533,2680,59.14,33.92405063,163265.6,121107
Fenty Beauty,North America,New York,Art/Design District,Mall Kiosk,11/13/24,11/18/24,5,LE-VNQ5L8WX,Fenty Beauty Mirage Serum,86.35,939,844,100,168.8,72879.4,4695
Shiseido,Middle East,Jeddah,Luxury Mall,Mall Kiosk,5/31/24,7/5/24,35,LE-L39GKA0K,Shiseido Rouge Eyeshadow Palette,149,1340,1636,47.66,46.74285714,243764,46900
Hourglass,Europe,London,Luxury Mall,Shop-in-Shop,12/22/24,2/17/25,57,LE-NUABSBKG,Hourglass Noir Highlighter,74.37,1569,3706,88.94,65.01754386,275615.22,89433
Huda Beauty,Asia-Pacific,Tokyo,Art/Design District,Standalone Pop-Up,4/9/25,5/17/25,38,LE-6FACGJUK,Huda Beauty Glow Mascara,39.88,1091,1301,67.24,34.23684211,51883.88,41458
Hourglass,North America,New York,High-Street,Mall Kiosk,8/2/24,9/3/24,32,LE-9IVYGOSS,Hourglass Éclat Highlighter,85.93,904,2270,46.1,70.9375,195061.1,28928
Givenchy Beauty,Asia-Pacific,Singapore,Luxury Mall,Mobile Pop-Up Truck,4/4/24,4/27/24,23,LE-58LV9RJJ,Givenchy Beauty Lumière Fragrance,244.68,1930,1863,96.63,81,455838.84,44390
Sisley-Paris,Asia-Pacific,Hong Kong,High-Street,Flash Event,11/12/24,12/31/24,49,LE-CJCI7VK7,Sisley-Paris Velvet Eyeshadow Palette,50.23,1270,680,63.97,13.87755102,34156.4,62230
Shiseido,Asia-Pacific,Shanghai,Airport Duty-Free,Mall Kiosk,6/18/24,7/2/24,14,LE-RA7QKJPL,Shiseido Satin Foundation,87.42,1916,2079,47.2,148.5,181746.18,26824
Hourglass,Latin America,São Paulo,Luxury Mall,Mall Kiosk,7/9/25,7/14/25,5,LE-ZJ6YDROQ,Hourglass Rouge Highlighter,72.16,1241,1887,73.88,377.4,136165.92,6205
MAC Cosmetics,Middle East,Doha,Luxury Mall,Standalone Pop-Up,10/26/24,12/19/24,54,LE-7P2PT0SQ,MAC Cosmetics Mirage Lipstick,49.62,1587,1064,85.32,19.7037037,52795.68,85698
Sisley-Paris,Europe,Berlin,Airport Duty-Free,Standalone Pop-Up,4/3/24,6/28/24,86,LE-CVALUD5B,Sisley-Paris Mirage Highlighter,61.24,781,846,82.94,9.837209302,51809.04,67166
Hourglass,Europe,London,High-Street,Shop-in-Shop,3/10/24,5/5/24,56,LE-FAV2HAAB,Hourglass Éclat Mascara,45.29,3069,2401,86.21,42.875,108741.29,171864
Shiseido,Europe,Paris,Department Store Atrium,Mall Kiosk,3/26/24,5/25/24,60,LE-BP8L2C5V,Shiseido Glow Setting Powder,65.62,1682,2054,53.57,34.23333333,134783.48,100920
Givenchy Beauty,Asia-Pacific,Tokyo,High-Street,Mall Kiosk,10/24/24,11/19/24,26,LE-F99T66FO,Givenchy Beauty Pearl Eyeshadow Palette,67.48,1456,1495,66.27,57.5,100882.6,37856
Sisley-Paris,Latin America,Mexico City,Art/Design District,Flash Event,9/24/24,10/26/24,32,LE-K66LZOKT,Sisley-Paris Lumière Highlighter,56.24,797,3132,72.6,97.875,176143.68,25504
Pat McGrath Labs,Asia-Pacific,Singapore,Art/Design District,Mobile Pop-Up Truck,3/8/25,3/23/25,15,LE-SCRG3H99,Pat McGrath Labs Velvet Eyeshadow Palette,67.1,875,2476,85.03,165.0666667,166139.6,13125
Pat McGrath Labs,Middle East,Abu Dhabi,High-Street,Mall Kiosk,3/25/24,6/11/24,78,LE-PRN1GYBC,Pat McGrath Labs Lumière Eyeshadow Palette,129.51,1180,1786,79.06,22.8974359,231304.86,92040
Tom Ford Beauty,Europe,Milan,High-Street,Shop-in-Shop,5/21/25,6/10/25,20,LE-ZEAKQ1NR,Tom Ford Beauty Opulence Lipstick,36.44,2190,2767,92.23,138.35,100829.48,43800
Bobbi Brown,Middle East,Doha,Airport Duty-Free,Mall Kiosk,12/24/24,3/7/25,73,LE-O8M1AZHM,Bobbi Brown Opulence Blush,53.08,2307,2794,78.97,38.2739726,148305.52,168411
Chanel,North America,Toronto,High-Street,Flash Event,4/2/24,7/1/24,90,LE-T1CZAZW1,Chanel Éclat Blush,49.92,2991,2552,64.22,28.35555556,127395.84,269190
Sisley-Paris,North America,Chicago,Department Store Atrium,Mall Kiosk,3/10/24,6/7/24,89,LE-Q7EQP1Y9,Sisley-Paris Rouge Fragrance,314.89,1613,1200,84.51,13.48314607,377868,143557
Hourglass,Middle East,Abu Dhabi,Department Store Atrium,Mobile Pop-Up Truck,4/9/24,4/25/24,16,LE-G3X4NYMY,Hourglass Éclat Foundation,67.75,743,3604,92.6,225.25,244171,11888
Fenty Beauty,Middle East,Abu Dhabi,High-Street,Flash Event,4/5/25,5/28/25,53,LE-WAHH3W1W,Fenty Beauty Lumière Lipstick,75.85,1971,896,95.62,16.90566038,67961.6,104463
Valentino Beauty,Latin America,Mexico City,Art/Design District,Shop-in-Shop,5/21/25,5/25/25,4,LE-Q3DBT4JY,Valentino Beauty Lumière Eyeshadow Palette,85.1,835,3184,70.21,796,270958.4,3340
Bobbi Brown,North America,Chicago,Airport Duty-Free,Flash Event,8/18/24,10/15/24,58,LE-RAXQV3JI,Bobbi Brown Noir Foundation,82.85,1129,1715,78.03,29.56896552,142087.75,65482
YSL Beauty,North America,Chicago,Luxury Mall,Mall Kiosk,5/11/24,6/18/24,38,LE-S1SXAHFL,YSL Beauty Opulence Blush,30.69,831,2176,65.8,57.26315789,66781.44,31578
YSL Beauty,Latin America,Bogotá,Airport Duty-Free,Flash Event,4/21/25,6/27/25,67,LE-U0CARU64,YSL Beauty Pearl Primer,69.45,1976,2324,96.15,34.68656716,161401.8,132392
Rare Beauty,Europe,Unknown,Luxury Mall,Flash Event,2/27/25,3/21/25,22,LE-LQIT6XIM,Rare Beauty Rouge Blush,46.64,923,3888,87.96,176.7272727,181336.32,20306
Valentino Beauty,Middle East,Doha,Art/Design District,Mobile Pop-Up Truck,9/10/24,10/10/24,30,LE-7MTNHK5B,Valentino Beauty Lumière Highlighter,79.2,647,4445,92.47,148.1666667,352044,19410
Bobbi Brown,Latin America,Bogotá,Airport Duty-Free,Mall Kiosk,4/18/24,4/27/24,9,LE-5DIP3IF3,Bobbi Brown Satin Foundation,57.88,2194,792,75.79,88,45840.96,19746
Dior,Latin America,Buenos Aires,High-Street,Mall Kiosk,2/29/24,5/25/24,86,LE-JNOMXIS6,Dior Mirage Foundation,117.59,1110,868,82.51,10.09302326,102068.12,95460
Fenty Beauty,Europe,Milan,Department Store Atrium,Standalone Pop-Up,10/8/24,10/20/24,12,LE-HZAKGO3T,Fenty Beauty Lumière Setting Powder,55.22,1298,2986,83.06,248.8333333,164886.92,15576
Chanel,Middle East,Jeddah,Art/Design District,Mall Kiosk,7/27/24,9/17/24,52,LE-5R9IF0IE,Chanel Mirage Highlighter,35.17,704,2926,63.83,56.26923077,102907.42,36608
Fenty Beauty,North America,New York,Department Store Atrium,Mobile Pop-Up Truck,10/18/24,12/26/24,69,LE-94HLKO76,Fenty Beauty Velvet Primer,47.53,1655,3488,94.65,50.55072464,165784.64,114195
Hermès Beauty,Europe,Milan,High-Street,Mall Kiosk,6/13/24,7/25/24,42,LE-YL5Z9JNG,Hermès Beauty Mirage Primer,62.25,2472,2238,79.67,53.28571429,139315.5,103824
MAC Cosmetics,Latin America,São Paulo,High-Street,Standalone Pop-Up,2/9/25,3/28/25,47,LE-9I0TX3CX,MAC Cosmetics Noir Foundation,64.56,1985,363,57.8,7.723404255,23435.28,93295
YSL Beauty,Latin America,Bogotá,Department Store Atrium,Shop-in-Shop,9/3/24,9/22/24,19,LE-HHL2RAG5,YSL Beauty Lumière Fragrance,232.83,940,382,42.97,20.10526316,88941.06,17860
Clé de Peau Beauté,Asia-Pacific,Tokyo,Airport Duty-Free,Shop-in-Shop,6/7/25,7/28/25,51,LE-OLP581S7,Clé de Peau Beauté Mirage Mascara,36.8,1887,314,41.98,6.156862745,11555.2,96237
YSL Beauty,Asia-Pacific,Seoul,Airport Duty-Free,Mall Kiosk,2/22/25,4/9/25,46,LE-DVREC8A1,YSL Beauty Opulence Mascara,50.31,1564,1646,84.11,35.7826087,82810.26,71944
Hourglass,Latin America,Bogotá,Department Store Atrium,Mall Kiosk,7/10/24,8/13/24,34,LE-6DYPA1LO,Hourglass Velvet Setting Powder,74.73,1297,720,56.34,21.17647059,53805.6,44098
Fenty Beauty,Europe,Milan,Art/Design District,Mall Kiosk,11/29/24,2/27/25,90,LE-OIOLAT92,Fenty Beauty Glow Eyeshadow Palette,71.83,466,1703,51.56,18.92222222,122326.49,41940
Valentino Beauty,Europe,Paris,Luxury Mall,Shop-in-Shop,6/3/24,7/12/24,39,LE-17VW6S8B,Valentino Beauty Velvet Highlighter,81.46,672,441,92.45,11.30769231,35923.86,26208
Shiseido,Asia-Pacific,Tokyo,Airport Duty-Free,Shop-in-Shop,10/30/24,12/28/24,59,LE-0SP0LUXE,Shiseido Opulence Blush,67.72,1113,101,48.33,1.711864407,6839.72,65667
YSL Beauty,Middle East,Jeddah,Luxury Mall,Shop-in-Shop,3/29/25,4/22/25,24,LE-0Z7E8ESO,YSL Beauty Satin Setting Powder,58.97,1130,1565,68.4,65.20833333,92288.05,27120
Armani Beauty,North America,Miami,Art/Design District,Mobile Pop-Up Truck,8/24/24,8/28/24,4,LE-NC1GE53L,Armani Beauty Noir Fragrance,274.59,1102,1270,98.3,317.5,348729.3,4408
La Prairie,Latin America,Lima,Art/Design District,Mall Kiosk,2/4/25,4/17/25,72,LE-WOX779RR,La Prairie Éclat Foundation,104.76,718,1777,63.13,24.68055556,186158.52,51696
Charlotte Tilbury,North America,Chicago,Luxury Mall,Mobile Pop-Up Truck,1/2/25,3/2/25,59,LE-QOD7DUV7,Charlotte Tilbury Noir Highlighter,43.65,900,1912,92.37,32.40677966,83458.8,53100
Armani Beauty,Latin America,Lima,Airport Duty-Free,Mall Kiosk,6/22/24,7/30/24,38,LE-2VBOKYQI,Armani Beauty Velvet Blush,38.64,1833,2946,93.58,77.52631579,113833.44,69654
Valentino Beauty,Latin America,Mexico City,Airport Duty-Free,Standalone Pop-Up,2/25/25,5/3/25,67,LE-A6XS71ZV,Valentino Beauty Satin Blush,61.95,870,2567,55.57,38.31343284,159025.65,58290
MAC Cosmetics,Middle East,Doha,Airport Duty-Free,Standalone Pop-Up,6/5/24,6/17/24,12,LE-TIXM2CG5,MAC Cosmetics Velvet Serum,111.69,1738,744,62.78,62,83097.36,20856
Pat McGrath Labs,North America,Los Angeles,Airport Duty-Free,Standalone Pop-Up,5/25/24,6/26/24,32,LE-7KIK30IW,Pat McGrath Labs Mirage Primer,52.46,2020,967,91.92,30.21875,50728.82,64640
Huda Beauty,Europe,London,Airport Duty-Free,Standalone Pop-Up,3/18/25,5/28/25,71,LE-76JQQVW7,Huda Beauty Mirage Primer,65.48,2266,898,78.36,12.64788732,58801.04,160886
Dior,Europe,Berlin,Airport Duty-Free,Flash Event,4/23/25,7/17/25,85,LE-N55VSLT5,Dior Éclat Lipstick,52.63,2126,3834,100,45.10588235,201783.42,180710
Pat McGrath Labs,Latin America,São Paulo,Art/Design District,Standalone Pop-Up,11/7/24,12/31/24,54,LE-ZOYAQIUB,Pat McGrath Labs Mirage Lipstick,55.78,807,1811,72.82,33.53703704,101017.58,43578
NARS,Asia-Pacific,Hong Kong,Luxury Mall,Standalone Pop-Up,3/24/24,4/28/24,35,LE-26ZJG1FK,NARS Lumière Lipstick,36.29,1860,338,75.96,9.657142857,12266.02,65100
Shiseido,Europe,Berlin,Department Store Atrium,Mobile Pop-Up Truck,7/3/24,8/21/24,49,LE-863PTTE9,Shiseido Velvet Fragrance,231.73,1794,999,100,20.3877551,231498.27,87906
Givenchy Beauty,North America,Los Angeles,Art/Design District,Shop-in-Shop,4/29/24,7/9/24,71,LE-V566VABJ,Givenchy Beauty Éclat Mascara,65.15,534,472,64.04,6.647887324,30750.8,37914
Sisley-Paris,Middle East,Dubai,Airport Duty-Free,Mall Kiosk,2/20/25,3/12/25,20,LE-5NSK7OKR,Sisley-Paris Satin Mascara,63.8,1674,1261,76.84,63.05,80451.8,33480
Tom Ford Beauty,North America,New York,Department Store Atrium,Mall Kiosk,2/24/25,3/30/25,34,LE-6582YCV2,Tom Ford Beauty Velvet Mascara,36.65,681,3265,72.86,96.02941176,119662.25,23154
Clé de Peau Beauté,Asia-Pacific,Shanghai,High-Street,Mobile Pop-Up Truck,6/16/25,8/2/25,47,LE-K8LU5RPJ,Clé de Peau Beauté Éclat Lipstick,60.58,1178,4093,95.88,87.08510638,247953.94,55366
Chanel,North America,Toronto,Department Store Atrium,Standalone Pop-Up,5/17/25,8/2/25,77,LE-JXZTAB8W,Chanel Satin Foundation,92.97,1512,3830,100,49.74025974,356075.1,116424
YSL Beauty,Middle East,Riyadh,Art/Design District,Mobile Pop-Up Truck,5/25/24,7/22/24,58,LE-Z69D6NXC,YSL Beauty Velvet Serum,195.83,1329,3334,99.82,57.48275862,652897.22,77082
Clé de Peau Beauté,Latin America,Bogotá,High-Street,Mall Kiosk,3/20/25,6/11/25,83,LE-5H1THLY8,Clé de Peau Beauté Pearl Setting Powder,81.37,1503,1762,50.82,21.22891566,143373.94,124749
MAC Cosmetics,North America,Los Angeles,Luxury Mall,Shop-in-Shop,6/17/25,6/28/25,11,LE-7S1JHTQI,MAC Cosmetics Rouge Foundation,97.8,897,3184,92,289.4545455,311395.2,9867
Huda Beauty,Latin America,São Paulo,Luxury Mall,Shop-in-Shop,1/29/25,3/2/25,32,LE-MQQYHP5E,Huda Beauty Velvet Fragrance,158.02,1300,2288,57.75,71.5,361549.76,41600
Tom Ford Beauty,Middle East,Doha,Airport Duty-Free,Mall Kiosk,10/24/24,10/28/24,4,LE-H32TZQX7,Tom Ford Beauty Velvet Blush,51.91,1045,2136,93.11,534,110879.76,4180
Hourglass,North America,Los Angeles,High-Street,Flash Event,12/30/24,2/28/25,60,LE-DLD1G6Y9,Hourglass Noir Mascara,36.88,1769,2081,86.6,34.68333333,76747.28,106140
Dior,Middle East,Dubai,High-Street,Shop-in-Shop,10/20/24,1/15/25,87,LE-PA3G9DQA,Dior Satin Fragrance,110.19,2362,2268,87.64,26.06896552,249910.92,205494
Tom Ford Beauty,North America,Chicago,Airport Duty-Free,Mobile Pop-Up Truck,3/13/24,6/10/24,89,LE-Y1KDKHSW,Tom Ford Beauty Velvet Foundation,75.81,1906,2853,90.74,32.05617978,216285.93,169634
Bobbi Brown,Asia-Pacific,Shanghai,Airport Duty-Free,Mall Kiosk,11/19/24,2/3/25,76,LE-CTX5FD5H,Bobbi Brown Velvet Primer,64.55,1295,3913,90.49,51.48684211,252584.15,98420
Hourglass,North America,New York,Department Store Atrium,Standalone Pop-Up,6/25/25,8/7/25,43,LE-1MASM2F0,Hourglass Satin Foundation,106.84,1274,2144,51.53,49.86046512,229064.96,54782
Sisley-Paris,Middle East,Abu Dhabi,Art/Design District,Mobile Pop-Up Truck,12/21/24,1/2/25,12,LE-QQS5MNEK,Sisley-Paris Lumière Fragrance,145.68,571,557,68.77,46.41666667,81143.76,6852
Chanel,Europe,London,Art/Design District,Shop-in-Shop,5/17/25,7/13/25,57,LE-ZM0I59B9,Chanel Pearl Fragrance,381.82,1080,3849,78.14,67.52631579,1469625.18,61560
Charlotte Tilbury,Middle East,Jeddah,Department Store Atrium,Flash Event,5/21/25,6/11/25,21,LE-HGOLEFFN,Charlotte Tilbury Éclat Eyeshadow Palette,51.07,915,2802,78.64,133.4285714,143098.14,19215
Huda Beauty,North America,Miami,High-Street,Shop-in-Shop,7/10/24,9/28/24,80,LE-MKKONVP8,Huda Beauty Pearl Eyeshadow Palette,60.88,1464,235,53.29,2.9375,14306.8,117120
Pat McGrath Labs,North America,Los Angeles,Airport Duty-Free,Mobile Pop-Up Truck,3/9/25,4/25/25,47,LE-Z0180RQ9,Pat McGrath Labs Glow Fragrance,323.57,1709,1676,82.85,35.65957447,542303.32,80323
Givenchy Beauty,Asia-Pacific,Seoul,Airport Duty-Free,Shop-in-Shop,1/8/25,4/5/25,87,LE-1M45SZKT,Givenchy Beauty Satin Eyeshadow Palette,82.26,2198,1192,57.47,13.70114943,98053.92,191226
Guerlain,Latin America,Buenos Aires,Department Store Atrium,Mobile Pop-Up Truck,11/27/24,2/22/25,87,LE-BH9CEPR8,Guerlain Noir Foundation,115.38,923,2019,76.33,23.20689655,232952.22,80301
Valentino Beauty,Middle East,Dubai,Department Store Atrium,Shop-in-Shop,3/24/25,5/5/25,42,LE-TGC7T3WB,Valentino Beauty Glow Blush,33.51,657,1247,55.5,29.69047619,41786.97,27594
Valentino Beauty,Europe,Milan,High-Street,Mall Kiosk,2/9/25,3/15/25,34,LE-ETXOUT0S,Valentino Beauty Satin Foundation,80.01,1136,4028,100,118.4705882,322280.28,38624
YSL Beauty,Latin America,São Paulo,Department Store Atrium,Flash Event,6/1/25,6/11/25,10,LE-96GP38W3,YSL Beauty Opulence Foundation,94.43,1146,3512,77.29,351.2,331638.16,11460
Shiseido,Middle East,Dubai,Art/Design District,Standalone Pop-Up,7/8/25,7/21/25,13,LE-RXW8T4JE,Shiseido Glow Foundation,93.17,789,271,70.03,20.84615385,25249.07,10257
Sisley-Paris,Asia-Pacific,Singapore,High-Street,Mall Kiosk,7/12/24,8/26/24,45,LE-00P2AUY1,Sisley-Paris Noir Mascara,31.71,940,3498,80.77,77.73333333,110921.58,42300
Valentino Beauty,North America,Toronto,Luxury Mall,Flash Event,9/17/24,10/31/24,44,LE-JEK97CLR,Valentino Beauty Éclat Setting Powder,83.91,1742,2969,81.54,67.47727273,249128.79,76648
Guerlain,Latin America,Lima,Airport Duty-Free,Mobile Pop-Up Truck,9/15/24,11/12/24,58,LE-BUTU4RLC,Guerlain Éclat Blush,33.48,918,3463,97.08,59.70689655,115941.24,53244
Sisley-Paris,Europe,Madrid,Art/Design District,Flash Event,6/7/25,8/11/25,65,LE-MMQLTF34,Sisley-Paris Éclat Highlighter,55.97,868,1713,47.96,26.35384615,95876.61,56420
Charlotte Tilbury,Middle East,Riyadh,Airport Duty-Free,Standalone Pop-Up,10/13/24,11/8/24,26,LE-57DCP3TJ,Charlotte Tilbury Pearl Fragrance,316.58,2265,121,54.02,4.653846154,38306.18,58890
Sisley-Paris,Europe,Paris,High-Street,Shop-in-Shop,6/1/24,7/18/24,47,LE-5B8I3KVE,Sisley-Paris Velvet Fragrance,263.91,1256,2497,85.93,53.12765957,658983.27,59032
Lancôme,Latin America,Buenos Aires,Luxury Mall,Mobile Pop-Up Truck,1/28/25,3/11/25,42,LE-J5MVMJB0,Lancôme Opulence Foundation,70.19,1399,1904,65.29,45.33333333,133641.76,58758
Estée Lauder,Asia-Pacific,Singapore,Luxury Mall,Flash Event,8/6/24,8/18/24,12,LE-5YMRAHBU,Estée Lauder Éclat Primer,59.55,1213,2959,91.98,246.5833333,176208.45,14556
Pat McGrath Labs,Middle East,Riyadh,Airport Duty-Free,Shop-in-Shop,3/24/25,5/12/25,49,LE-D88ZFXRJ,Pat McGrath Labs Mirage Foundation,119.78,952,2374,84.88,48.44897959,284357.72,46648
Hourglass,Middle East,Abu Dhabi,Luxury Mall,Shop-in-Shop,1/7/25,1/23/25,16,LE-ZY0Q6OQ3,Hourglass Opulence Highlighter,36.11,1727,394,55.18,24.625,14227.34,27632
YSL Beauty,Europe,Madrid,Airport Duty-Free,Shop-in-Shop,2/20/25,5/6/25,75,LE-HS3ODSDL,YSL Beauty Noir Setting Powder,73.7,2445,569,57.3,7.586666667,41935.3,183375
Rare Beauty,North America,Chicago,Department Store Atrium,Flash Event,6/25/25,7/21/25,26,LE-2RGLMRD7,Rare Beauty Velvet Foundation,69.6,976,501,72.82,19.26923077,34869.6,25376
Bobbi Brown,Europe,Paris,Department Store Atrium,Shop-in-Shop,5/19/25,7/20/25,62,LE-SDP3KVXV,Bobbi Brown Opulence Foundation,96.29,821,661,86.63,10.66129032,63647.69,50902
Bobbi Brown,Latin America,Mexico City,Luxury Mall,Standalone Pop-Up,7/21/24,8/19/24,29,LE-0N596ZLV,Bobbi Brown Noir Setting Powder,57.09,1567,4206,96.65,145.0344828,240120.54,45443
Fenty Beauty,Middle East,Doha,Art/Design District,Shop-in-Shop,9/26/24,11/28/24,63,LE-Y9TV7858,Fenty Beauty Glow Lipstick,34.29,930,1292,43.63,20.50793651,44302.68,58590
Dior,Europe,Berlin,Airport Duty-Free,Standalone Pop-Up,2/21/24,3/1/24,9,LE-6OOB59H9,Dior Noir Eyeshadow Palette,90.96,2155,2899,70.5,322.1111111,263693.04,19395
Pat McGrath Labs,Asia-Pacific,Hong Kong,Department Store Atrium,Flash Event,5/22/25,7/29/25,68,LE-YXGPPN0H,Pat McGrath Labs Éclat Serum,288.9,1774,1405,79.56,20.66176471,405904.5,120632
Tom Ford Beauty,North America,Unknown,Airport Duty-Free,Shop-in-Shop,1/28/25,4/23/25,85,LE-ALYNHX6F,Tom Ford Beauty Satin Lipstick,51.34,1481,1393,69.89,16.38823529,71516.62,125885
Sisley-Paris,Latin America,São Paulo,Art/Design District,Mobile Pop-Up Truck,11/11/24,1/22/25,72,LE-G36J4C64,Sisley-Paris Satin Lipstick,33.11,1246,1092,75.21,15.16666667,36156.12,89712
Rare Beauty,North America,Toronto,Airport Duty-Free,Mall Kiosk,2/3/25,4/10/25,66,LE-YIWYA4YO,Rare Beauty Éclat Mascara,54.47,882,993,74.83,15.04545455,54088.71,58212
Huda Beauty,Middle East,Doha,Department Store Atrium,Mall Kiosk,7/13/24,8/7/24,25,LE-OWEPOQZW,Huda Beauty Velvet Setting Powder,84.61,1509,163,78.37,6.52,13791.43,37725
Chanel,Latin America,Lima,Luxury Mall,Standalone Pop-Up,6/27/24,7/13/24,16,LE-K1KK2EG0,Chanel Satin Mascara,56.12,1804,3612,78.92,225.75,202705.44,28864
La Prairie,Latin America,Buenos Aires,Department Store Atrium,Shop-in-Shop,11/12/24,12/10/24,28,LE-GF26ZKEG,La Prairie Noir Primer,75.9,1347,145,55.77,5.178571429,11005.5,37716
Guerlain,Asia-Pacific,Seoul,Luxury Mall,Flash Event,7/22/24,9/2/24,42,LE-X3AX470T,Guerlain Mirage Mascara,41.02,651,1045,81.2,24.88095238,42865.9,27342
NARS,North America,Toronto,Luxury Mall,Standalone Pop-Up,11/29/24,2/21/25,84,LE-UMFPCAXB,NARS Velvet Primer,53.87,1716,2474,71.69,29.45238095,133274.38,144144
Sisley-Paris,Latin America,Bogotá,Art/Design District,Mobile Pop-Up Truck,9/9/24,11/27/24,79,LE-QO1YRSAJ,Sisley-Paris Noir Eyeshadow Palette,128.08,632,2845,77.56,36.01265823,364387.6,49928
Hermès Beauty,Europe,Berlin,High-Street,Standalone Pop-Up,1/13/25,4/12/25,89,LE-RLLWWXBW,Hermès Beauty Lumière Primer,68.38,1272,3538,72.9,39.75280899,241928.44,113208
Guerlain,Middle East,Riyadh,Department Store Atrium,Mall Kiosk,3/9/25,3/22/25,13,LE-02NN5KPS,Guerlain Pearl Lipstick,70.69,612,2063,95.03,158.6923077,145833.47,7956
YSL Beauty,Latin America,Lima,Luxury Mall,Mobile Pop-Up Truck,7/21/24,8/16/24,26,LE-2FZ40A6M,YSL Beauty Rouge Setting Powder,71.17,1452,1270,56.27,48.84615385,90385.9,37752
La Prairie,North America,Miami,High-Street,Flash Event,5/10/24,7/10/24,61,LE-V12XD6VB,La Prairie Noir Highlighter,62.57,2714,767,81.42,12.57377049,47991.19,165554
Estée Lauder,Asia-Pacific,Seoul,Airport Duty-Free,Mall Kiosk,4/14/24,6/27/24,74,LE-QJ20XHM6,Estée Lauder Mirage Setting Powder,75.3,810,564,76.42,7.621621622,42469.2,59940
MAC Cosmetics,Middle East,Jeddah,Airport Duty-Free,Mall Kiosk,2/18/24,4/10/24,52,LE-KD8KBWA5,MAC Cosmetics Éclat Eyeshadow Palette,131.97,2223,2206,88.45,42.42307692,291125.82,115596
Fenty Beauty,Middle East,Riyadh,Luxury Mall,Standalone Pop-Up,1/25/25,4/21/25,86,LE-OBA5RQLM,Fenty Beauty Opulence Foundation,114.56,1833,1426,55.79,16.58139535,163362.56,157638
Valentino Beauty,Latin America,Mexico City,Airport Duty-Free,Standalone Pop-Up,3/10/24,5/5/24,56,LE-18DIP7TV,Valentino Beauty Rouge Blush,64.66,1541,2099,65.59,37.48214286,135721.34,86296
Pat McGrath Labs,North America,New York,Luxury Mall,Standalone Pop-Up,11/6/24,11/18/24,12,LE-0BBP153K,Pat McGrath Labs Noir Mascara,46.37,1876,2976,93.26,248,137997.12,22512
Bobbi Brown,North America,Toronto,Luxury Mall,Mall Kiosk,10/30/24,11/10/24,11,LE-RDL5ICYY,Bobbi Brown Opulence Setting Powder,67.04,2017,464,65.26,42.18181818,31106.56,22187
Rare Beauty,Europe,Berlin,Airport Duty-Free,Mobile Pop-Up Truck,3/17/25,5/6/25,50,LE-XQLNOQU6,Rare Beauty Satin Mascara,43.7,951,443,64.39,8.86,19359.1,47550
NARS,Middle East,Jeddah,Airport Duty-Free,Mobile Pop-Up Truck,3/20/24,6/17/24,89,LE-GGW6BQ0L,NARS Éclat Fragrance,356.24,2335,2540,53.39,28.53932584,904849.6,207815
Huda Beauty,Asia-Pacific,Tokyo,High-Street,Standalone Pop-Up,3/4/24,5/27/24,84,LE-QGWNFSVT,Huda Beauty Éclat Mascara,39.86,2574,1519,54.39,18.08333333,60547.34,216216
La Prairie,Asia-Pacific,Shanghai,Airport Duty-Free,Flash Event,4/1/24,6/22/24,82,LE-ECQUTP99,La Prairie Mirage Primer,37.4,1178,242,55.76,2.951219512,9050.8,96596
Guerlain,Middle East,Doha,High-Street,Shop-in-Shop,9/26/24,11/18/24,53,LE-8SJKABW8,Guerlain Glow Fragrance,207.33,2365,463,58.02,8.735849057,95993.79,125345
Armani Beauty,North America,Toronto,Airport Duty-Free,Standalone Pop-Up,6/16/25,7/19/25,33,LE-Q6YIOLEJ,Armani Beauty Glow Highlighter,58.39,1205,1168,100,35.39393939,68199.52,39765
MAC Cosmetics,North America,Los Angeles,Luxury Mall,Shop-in-Shop,9/13/24,11/12/24,60,LE-3EYRFOWJ,MAC Cosmetics Rouge Highlighter,52.46,1990,544,75.14,9.066666667,28538.24,119400
Charlotte Tilbury,Asia-Pacific,Seoul,Department Store Atrium,Mobile Pop-Up Truck,8/26/24,11/2/24,68,LE-DCWQLIV3,Charlotte Tilbury Satin Blush,69.55,1066,385,63.53,5.661764706,26776.75,72488
Hermès Beauty,Asia-Pacific,Seoul,High-Street,Mobile Pop-Up Truck,1/28/25,3/2/25,33,LE-XXOZ0LSO,Hermès Beauty Velvet Highlighter,89.41,1104,3631,88.84,110.030303,324647.71,36432
La Prairie,Middle East,Abu Dhabi,Airport Duty-Free,Mall Kiosk,4/17/25,7/16/25,90,LE-AI8PRQ45,La Prairie Velvet Blush,59.86,2418,4729,97.03,52.54444444,283077.94,217620
Huda Beauty,Asia-Pacific,Seoul,Luxury Mall,Flash Event,6/29/25,7/23/25,24,LE-XFBG3MN1,Huda Beauty Opulence Fragrance,170.04,875,2772,56.62,115.5,471350.88,21000
Valentino Beauty,Asia-Pacific,Seoul,High-Street,Flash Event,7/4/24,8/14/24,41,LE-58KDK2UZ,Valentino Beauty Éclat Primer,50.04,2476,2886,85.49,70.3902439,144415.44,101516
Valentino Beauty,Middle East,Abu Dhabi,Airport Duty-Free,Mall Kiosk,12/28/24,3/9/25,71,LE-DCW5RADB,Valentino Beauty Rouge Fragrance,356.22,1936,2314,64.14,32.5915493,824293.08,137456
Rare Beauty,Europe,Madrid,Art/Design District,Standalone Pop-Up,2/27/24,3/26/24,28,LE-91SZ4PJC,Rare Beauty Éclat Eyeshadow Palette,120.63,920,1140,42.24,40.71428571,137518.2,25760
Guerlain,Asia-Pacific,Hong Kong,Airport Duty-Free,Mall Kiosk,3/4/25,5/29/25,86,LE-2EHHTDXK,Guerlain Mirage Mascara,44.18,2103,3253,98.13,37.8255814,143717.54,180858
Armani Beauty,Middle East,Jeddah,High-Street,Mall Kiosk,1/1/25,3/19/25,77,LE-TLG4PQTQ,Armani Beauty Noir Setting Powder,79.66,1351,286,74.09,3.714285714,22782.76,104027
Valentino Beauty,Europe,Berlin,High-Street,Flash Event,8/9/24,9/27/24,49,LE-ZOYSGU1Z,Valentino Beauty Glow Mascara,67.05,2509,671,96.83,13.69387755,44990.55,122941
NARS,Middle East,Riyadh,High-Street,Mobile Pop-Up Truck,9/25/24,12/1/24,67,LE-Y2FRZWTX,NARS Pearl Fragrance,205.24,1100,2575,98.58,38.43283582,528493,73700
NARS,Middle East,Doha,Art/Design District,Mall Kiosk,3/18/25,4/10/25,23,LE-RWX847OI,NARS Satin Primer,52.17,1211,2396,76.75,104.173913,124999.32,27853
MAC Cosmetics,Middle East,Jeddah,High-Street,Shop-in-Shop,6/28/24,9/4/24,68,LE-8U41MRNP,MAC Cosmetics Éclat Eyeshadow Palette,126.68,1159,1972,86.64,29,249812.96,78812
Hourglass,Europe,Paris,Art/Design District,Shop-in-Shop,5/9/25,7/29/25,81,LE-P144IP5N,Hourglass Pearl Serum,290.08,1355,2712,71.67,33.48148148,786696.96,109755
Guerlain,Latin America,Buenos Aires,High-Street,Standalone Pop-Up,7/9/25,8/7/25,29,LE-V94Y1RDZ,Guerlain Pearl Blush,52.46,1979,3379,75.44,116.5172414,177262.34,57391
Fenty Beauty,North America,Miami,Department Store Atrium,Shop-in-Shop,3/16/24,6/12/24,88,LE-SZYWLGT1,Fenty Beauty Noir Serum,83.45,821,1158,83.85,13.15909091,96635.1,72248
Pat McGrath Labs,Latin America,Lima,High-Street,Standalone Pop-Up,3/3/24,5/4/24,62,LE-IWQWIQO3,Pat McGrath Labs Mirage Blush,31.59,2410,2722,60.85,43.90322581,85987.98,149420
MAC Cosmetics,Europe,London,Department Store Atrium,Shop-in-Shop,5/17/24,5/29/24,12,LE-0F5T82YU,MAC Cosmetics Satin Highlighter,37.55,969,3014,77.44,251.1666667,113175.7,11628
Hourglass,Europe,Madrid,High-Street,Mall Kiosk,2/28/25,3/8/25,8,LE-Z9CKW5SM,Hourglass Glow Setting Powder,43.87,1558,1275,85,159.375,55934.25,12464
Shiseido,Latin America,São Paulo,High-Street,Standalone Pop-Up,8/3/24,8/11/24,8,LE-YTWLJA4Q,Shiseido Glow Highlighter,40.38,2388,1145,91.67,143.125,46235.1,19104
Bobbi Brown,Europe,Berlin,High-Street,Mall Kiosk,3/10/25,3/22/25,12,LE-H3BNJCVC,Bobbi Brown Éclat Blush,37.5,1572,1643,72.57,136.9166667,61612.5,18864
Rare Beauty,North America,Chicago,Luxury Mall,Mobile Pop-Up Truck,7/29/24,8/27/24,29,LE-6FCRLJMF,Rare Beauty Lumière Highlighter,62.43,833,1613,45.09,55.62068966,100699.59,24157
Shiseido,Latin America,Mexico City,Airport Duty-Free,Mall Kiosk,3/21/25,6/4/25,75,LE-AX57ZI8H,Shiseido Éclat Fragrance,245.8,2044,1834,48.67,24.45333333,450797.2,153300
Lancôme,Middle East,Riyadh,Department Store Atrium,Flash Event,7/9/24,7/25/24,16,LE-Y31FRN1F,Lancôme Pearl Highlighter,88.84,1486,3303,80.42,206.4375,293438.52,23776
Armani Beauty,Asia-Pacific,Seoul,Airport Duty-Free,Standalone Pop-Up,5/20/25,7/8/25,49,LE-AKWUKUQW,Armani Beauty Satin Lipstick,51.24,2069,3394,94.88,69.26530612,173908.56,101381
Dior,Latin America,São Paulo,Airport Duty-Free,Mobile Pop-Up Truck,11/6/24,12/17/24,41,LE-XQADWINV,Dior Satin Mascara,51.78,1139,1439,60.79,35.09756098,74511.42,46699
Lancôme,Middle East,Abu Dhabi,Airport Duty-Free,Flash Event,4/18/24,4/28/24,10,LE-8XYFHZ2G,Lancôme Satin Highlighter,43.71,1341,2684,98.42,268.4,117317.64,13410
Armani Beauty,Middle East,Abu Dhabi,Department Store Atrium,Standalone Pop-Up,7/22/24,9/6/24,46,LE-KZXOXH2G,Armani Beauty Velvet Lipstick,56.65,678,1726,66.59,37.52173913,97777.9,31188
Lancôme,Europe,Berlin,Art/Design District,Shop-in-Shop,10/6/24,11/18/24,43,LE-RE0IVK9L,Lancôme Mirage Serum,236.98,698,2259,77.07,52.53488372,535337.82,30014
Estée Lauder,Middle East,Dubai,Art/Design District,Flash Event,11/30/24,1/28/25,59,LE-CU0LSV57,Estée Lauder Noir Lipstick,77.47,568,2622,80.85,44.44067797,203126.34,33512
Bobbi Brown,North America,Toronto,Airport Duty-Free,Standalone Pop-Up,7/21/24,8/7/24,17,LE-SNWBX47J,Bobbi Brown Noir Fragrance,160.28,1729,1954,50.66,114.9411765,313187.12,29393
Hermès Beauty,Europe,Paris,High-Street,Mall Kiosk,12/20/24,1/14/25,25,LE-WGIW9HWC,Hermès Beauty Glow Fragrance,303.11,2444,773,43.52,30.92,234304.03,61100
Clé de Peau Beauté,Asia-Pacific,Singapore,Art/Design District,Flash Event,3/8/25,4/8/25,31,LE-NDORXEMA,Clé de Peau Beauté Glow Eyeshadow Palette,94.54,1098,2579,96.74,83.19354839,243818.66,34038
Lancôme,Asia-Pacific,Tokyo,Luxury Mall,Mall Kiosk,6/6/25,8/1/25,56,LE-J8LORTK7,Lancôme Glow Setting Powder,65.12,816,1079,89.47,19.26785714,70264.48,45696
Fenty Beauty,Middle East,Dubai,Department Store Atrium,Mobile Pop-Up Truck,7/4/24,8/24/24,51,LE-AW83OLKB,Fenty Beauty Mirage Eyeshadow Palette,140.02,1770,192,90.14,3.764705882,26883.84,90270
Lancôme,Middle East,Dubai,High-Street,Standalone Pop-Up,8/6/24,9/1/24,26,LE-5IWXFJEM,Lancôme Velvet Foundation,106.54,1677,412,63.88,15.84615385,43894.48,43602
Armani Beauty,Middle East,Doha,Department Store Atrium,Flash Event,5/21/25,8/9/25,80,LE-BFFG2937,Armani Beauty Lumière Foundation,75.01,1468,3134,96.19,39.175,235081.34,117440
Pat McGrath Labs,Latin America,Lima,Airport Duty-Free,Standalone Pop-Up,10/21/24,11/21/24,31,LE-IL772NDC,Pat McGrath Labs Pearl Primer,78.33,1765,2714,69.79,87.5483871,212587.62,54715
Shiseido,Asia-Pacific,Singapore,Airport Duty-Free,Flash Event,1/24/25,2/18/25,25,LE-J1PBTGUH,Shiseido Velvet Highlighter,81.51,883,571,93.15,22.84,46542.21,22075
NARS,North America,Unknown,Department Store Atrium,Mall Kiosk,8/2/24,8/12/24,10,LE-A8PT9WBM,NARS Noir Mascara,40.04,1707,1560,86.71,156,62462.4,17070
Clé de Peau Beauté,Latin America,Buenos Aires,Department Store Atrium,Flash Event,4/5/25,6/12/25,68,LE-42JUCIY6,Clé de Peau Beauté Rouge Eyeshadow Palette,119.56,1760,663,57.55,9.75,79268.28,119680
Huda Beauty,Middle East,Doha,Luxury Mall,Mall Kiosk,7/18/24,9/12/24,56,LE-DK22L94Y,Huda Beauty Éclat Mascara,72.92,1473,1570,75.26,28.03571429,114484.4,82488
Hermès Beauty,Europe,Madrid,Art/Design District,Flash Event,2/19/25,3/8/25,17,LE-ZE0W4389,Hermès Beauty Éclat Lipstick,56.54,1112,577,64.18,33.94117647,32623.58,18904
NARS,Europe,Milan,Airport Duty-Free,Flash Event,10/14/24,11/9/24,26,LE-XP19SG22,NARS Satin Setting Powder,59.32,1237,4145,92.32,159.4230769,245881.4,32162
Sisley-Paris,Latin America,Bogotá,Department Store Atrium,Standalone Pop-Up,5/5/24,6/27/24,53,LE-SO1U3PWD,Sisley-Paris Noir Mascara,45.95,1421,2024,66.1,38.18867925,93002.8,75313
Pat McGrath Labs,Asia-Pacific,Singapore,High-Street,Mall Kiosk,6/5/24,8/8/24,64,LE-EGTWQEOD,Pat McGrath Labs Rouge Serum,180.64,1720,1828,64.75,28.5625,330209.92,110080
Fenty Beauty,Asia-Pacific,Tokyo,High-Street,Shop-in-Shop,3/5/24,5/27/24,83,LE-K1K7THD4,Fenty Beauty Glow Blush,53.21,2323,1149,42.4,13.84337349,61138.29,192809
Hermès Beauty,Latin America,São Paulo,Department Store Atrium,Shop-in-Shop,1/31/25,2/15/25,15,LE-S1QKEAC9,Hermès Beauty Noir Highlighter,56.16,1196,1933,54.99,128.8666667,108557.28,17940
NARS,North America,Unknown,Art/Design District,Standalone Pop-Up,8/1/24,8/24/24,23,LE-2765UXVM,NARS Velvet Serum,275.74,481,799,91.31,34.73913043,220316.26,11063
Bobbi Brown,North America,Los Angeles,Department Store Atrium,Mobile Pop-Up Truck,3/26/24,6/16/24,82,LE-FMD9EX95,Bobbi Brown Mirage Mascara,51.47,1407,869,58.92,10.59756098,44727.43,115374
Hourglass,Asia-Pacific,Singapore,Airport Duty-Free,Flash Event,3/8/25,4/23/25,46,LE-6OROBCT0,Hourglass Rouge Setting Powder,51.77,2374,3767,82.83,81.89130435,195017.59,109204
Chanel,Latin America,Buenos Aires,Luxury Mall,Mobile Pop-Up Truck,7/6/24,9/18/24,74,LE-GJ8YS5BX,Chanel Glow Mascara,35.39,725,209,91.67,2.824324324,7396.51,53650
Armani Beauty,Asia-Pacific,Hong Kong,Airport Duty-Free,Flash Event,1/23/25,3/6/25,42,LE-XZR6KFD7,Armani Beauty Velvet Highlighter,40.57,1995,4800,99.77,114.2857143,194736,83790
Bobbi Brown,Middle East,Riyadh,High-Street,Mall Kiosk,4/5/24,5/16/24,41,LE-8JV6H8EN,Bobbi Brown Satin Primer,70.84,1540,2604,59.36,63.51219512,184467.36,63140
YSL Beauty,Asia-Pacific,Shanghai,High-Street,Mobile Pop-Up Truck,2/20/24,3/25/24,34,LE-Y0NS4HQK,YSL Beauty Mirage Fragrance,144.15,2457,2980,67.13,87.64705882,429567,83538
Shiseido,North America,Chicago,Airport Duty-Free,Mobile Pop-Up Truck,1/9/25,1/30/25,21,LE-QKE0EWVY,Shiseido Pearl Highlighter,88.84,1149,2579,79.38,122.8095238,229118.36,24129
Huda Beauty,Middle East,Doha,Department Store Atrium,Mall Kiosk,2/19/25,5/15/25,85,LE-FMZJRQR4,Huda Beauty Noir Foundation,86.83,621,2900,61.75,34.11764706,251807,52785
Pat McGrath Labs,North America,Chicago,Airport Duty-Free,Mobile Pop-Up Truck,5/21/25,5/27/25,6,LE-CW755HTH,Pat McGrath Labs Rouge Primer,68.35,1090,2301,66.16,383.5,157273.35,6540
Huda Beauty,Middle East,Doha,Airport Duty-Free,Mobile Pop-Up Truck,9/16/24,12/14/24,89,LE-D765EHRJ,Huda Beauty Pearl Blush,33.95,2396,3234,92.14,36.33707865,109794.3,213244
NARS,North America,Los Angeles,High-Street,Mobile Pop-Up Truck,5/16/24,6/14/24,29,LE-ZOMNND2X,NARS Mirage Highlighter,65.56,2638,3844,94.73,132.5517241,252012.64,76502
Sisley-Paris,Latin America,Bogotá,High-Street,Flash Event,12/27/24,1/31/25,35,LE-22RH6KEE,Sisley-Paris Opulence Setting Powder,55.01,2113,2900,82.36,82.85714286,159529,73955
Rare Beauty,Middle East,Riyadh,Art/Design District,Standalone Pop-Up,7/30/24,8/19/24,20,LE-NVOTE5T7,Rare Beauty Éclat Mascara,71.37,1229,2079,91.18,103.95,148378.23,24580
Huda Beauty,Latin America,São Paulo,Luxury Mall,Mobile Pop-Up Truck,4/1/25,5/22/25,51,LE-0XCT2C5L,Huda Beauty Rouge Blush,43.36,1788,964,54.49,18.90196078,41799.04,91188
Valentino Beauty,Latin America,Bogotá,Luxury Mall,Mobile Pop-Up Truck,8/10/24,9/5/24,26,LE-G5Q1WVMH,Valentino Beauty Pearl Lipstick,42.75,1832,2060,79.88,79.23076923,88065,47632
Clé de Peau Beauté,Asia-Pacific,Singapore,Art/Design District,Standalone Pop-Up,8/24/24,10/11/24,48,LE-OZBSWMVU,Clé de Peau Beauté Velvet Eyeshadow Palette,145.78,629,4244,100,88.41666667,618690.32,30192
Hourglass,Asia-Pacific,Tokyo,Art/Design District,Mall Kiosk,1/31/25,3/31/25,59,LE-HMZJGUWV,Hourglass Glow Lipstick,74.19,1274,2157,69.13,36.55932203,160027.83,75166
Rare Beauty,Middle East,Doha,Airport Duty-Free,Mall Kiosk,3/22/25,6/11/25,81,LE-UCAAMPUB,Rare Beauty Glow Foundation,107.25,1978,1245,83.33,15.37037037,133526.25,160218
YSL Beauty,North America,Miami,Luxury Mall,Mall Kiosk,6/1/24,7/18/24,47,LE-OI10HY38,YSL Beauty Rouge Lipstick,61.83,1037,1740,69.96,37.0212766,107584.2,48739
Rare Beauty,Europe,Milan,Airport Duty-Free,Standalone Pop-Up,1/22/25,2/15/25,24,LE-4D6SW5ZH,Rare Beauty Rouge Blush,37.18,1963,1618,83.66,67.41666667,60157.24,47112
Dior,Asia-Pacific,Singapore,Art/Design District,Shop-in-Shop,8/12/24,10/7/24,56,LE-JG2W9AO8,Dior Lumière Foundation,57.21,1006,2131,92.73,38.05357143,121914.51,56336
Lancôme,Europe,Paris,Luxury Mall,Mall Kiosk,3/14/25,5/26/25,73,LE-NAQ8W49R,Lancôme Satin Foundation,72.26,1411,2221,87.86,30.42465753,160489.46,103003
Bobbi Brown,Middle East,Doha,Art/Design District,Mall Kiosk,3/26/24,5/30/24,65,LE-ETCW3U5L,Bobbi Brown Opulence Foundation,52.52,894,2486,64.44,38.24615385,130564.72,58110
Clé de Peau Beauté,Latin America,Mexico City,Luxury Mall,Shop-in-Shop,4/3/25,5/24/25,51,LE-GET7WA1P,Clé de Peau Beauté Satin Blush,51.18,1012,1687,46.11,33.07843137,86340.66,51612
Guerlain,Middle East,Abu Dhabi,High-Street,Flash Event,3/8/25,4/11/25,34,LE-BC8RYWJF,Guerlain Lumière Mascara,50.28,2012,1024,81.53,30.11764706,51486.72,68408
Guerlain,Latin America,Lima,Department Store Atrium,Flash Event,12/23/24,1/13/25,21,LE-MXJD5O0C,Guerlain Opulence Blush,34.99,771,289,61.36,13.76190476,10112.11,16191
La Prairie,Middle East,Dubai,High-Street,Shop-in-Shop,3/5/24,3/18/24,13,LE-KB3P44K7,La Prairie Opulence Primer,45.86,1357,1614,93.73,124.1538462,74018.04,17641
Valentino Beauty,North America,Los Angeles,High-Street,Mall Kiosk,3/12/25,3/28/25,16,LE-2DCKURFK,Valentino Beauty Velvet Foundation,79.02,1164,2972,79.13,185.75,234847.44,18624
Valentino Beauty,Asia-Pacific,Singapore,Luxury Mall,Mobile Pop-Up Truck,2/11/25,5/7/25,85,LE-ZJYG0HC3,Valentino Beauty Lumière Setting Powder,50.46,1403,2067,80.02,24.31764706,104300.82,119255
Pat McGrath Labs,Europe,Madrid,Art/Design District,Mobile Pop-Up Truck,8/28/24,10/20/24,53,LE-BSECF5RR,Pat McGrath Labs Velvet Setting Powder,65.23,1147,3859,77.98,72.81132075,251722.57,60791
Charlotte Tilbury,Middle East,Doha,Airport Duty-Free,Flash Event,3/30/24,4/19/24,20,LE-LC4VM2H9,Charlotte Tilbury Lumière Lipstick,36.07,1476,3335,68.81,166.75,120293.45,29520
Bobbi Brown,Asia-Pacific,Tokyo,Airport Duty-Free,Mall Kiosk,9/9/24,12/4/24,86,LE-ONOTQWML,Bobbi Brown Lumière Blush,49.7,2254,2093,86.34,24.3372093,104022.1,193844
Clé de Peau Beauté,Asia-Pacific,Hong Kong,High-Street,Flash Event,6/29/24,9/7/24,70,LE-3O6BXIAO,Clé de Peau Beauté Éclat Setting Powder,45.01,1377,619,73.52,8.842857143,27861.19,96390
NARS,Latin America,São Paulo,Art/Design District,Standalone Pop-Up,6/25/25,7/17/25,22,LE-4MJ0QFAH,NARS Mirage Eyeshadow Palette,144.71,637,1228,89.83,55.81818182,177703.88,14014
NARS,Latin America,Bogotá,High-Street,Mall Kiosk,4/30/25,7/15/25,76,LE-8TUXZ7EF,NARS Rouge Eyeshadow Palette,101.53,2458,3790,81.02,49.86842105,384798.7,186808
Givenchy Beauty,Asia-Pacific,Singapore,Airport Duty-Free,Shop-in-Shop,3/30/25,4/11/25,12,LE-HZ0S3WKL,Givenchy Beauty Lumière Fragrance,123.92,1700,3071,67.01,255.9166667,380558.32,20400
Dior,Middle East,Dubai,Department Store Atrium,Mobile Pop-Up Truck,11/23/24,2/7/25,76,LE-ZEVQLJ8F,Dior Glow Foundation,89.06,618,834,93.92,10.97368421,74276.04,46968
La Prairie,Latin America,Mexico City,Airport Duty-Free,Standalone Pop-Up,2/17/25,5/9/25,81,LE-ZK5MNGNW,La Prairie Éclat Eyeshadow Palette,90.06,1742,1489,59.39,18.38271605,134099.34,141102
Armani Beauty,Asia-Pacific,Tokyo,High-Street,Mobile Pop-Up Truck,3/17/24,6/6/24,81,LE-LWEFIPAV,Armani Beauty Éclat Setting Powder,84.46,1618,675,60.76,8.333333333,57010.5,131058
Armani Beauty,Latin America,Unknown,Department Store Atrium,Standalone Pop-Up,1/13/25,3/17/25,63,LE-AWDJOXBD,Armani Beauty Rouge Blush,33.32,1387,2523,65.87,40.04761905,84066.36,87381
Estée Lauder,Middle East,Jeddah,Luxury Mall,Mobile Pop-Up Truck,7/14/24,8/6/24,23,LE-41MDUQOR,Estée Lauder Rouge Serum,205.54,988,1551,67.88,67.43478261,318792.54,22724
MAC Cosmetics,Europe,Paris,Luxury Mall,Flash Event,4/3/24,6/12/24,70,LE-95MHTOGL,MAC Cosmetics Glow Lipstick,58.21,957,686,95.68,9.8,39932.06,66990
Huda Beauty,North America,Toronto,High-Street,Mall Kiosk,7/1/24,7/17/24,16,LE-2JVA76OJ,Huda Beauty Noir Foundation,75.36,2709,714,93.46,44.625,53807.04,43344
Huda Beauty,North America,Chicago,Luxury Mall,Mobile Pop-Up Truck,2/20/25,3/5/25,13,LE-NV4IYDL5,Huda Beauty Pearl Foundation,68.22,1780,2237,71.52,172.0769231,152608.14,23140
Tom Ford Beauty,Europe,Madrid,Art/Design District,Flash Event,10/17/24,12/1/24,45,LE-HXM123EY,Tom Ford Beauty Noir Setting Powder,41.33,1186,1115,88.07,24.77777778,46082.95,53370
Huda Beauty,Latin America,Bogotá,Department Store Atrium,Flash Event,1/6/25,4/1/25,85,LE-MC57G7L7,Huda Beauty Noir Blush,60.41,709,2773,77.07,32.62352941,167516.93,60265
Armani Beauty,Europe,Madrid,Airport Duty-Free,Mobile Pop-Up Truck,9/27/24,10/27/24,30,LE-6HWP249W,Armani Beauty Velvet Highlighter,85.84,1362,1916,69.02,63.86666667,164469.44,40860
Estée Lauder,Latin America,São Paulo,Art/Design District,Flash Event,12/26/24,3/9/25,73,LE-447XAQ0Y,Estée Lauder Noir Eyeshadow Palette,98.62,900,2173,69.25,29.76712329,214301.26,65700
Clé de Peau Beauté,North America,Los Angeles,High-Street,Flash Event,11/18/24,1/25/25,68,LE-CXLI6YJE,Clé de Peau Beauté Noir Lipstick,72.11,2184,1679,77.23,24.69117647,121072.69,148512
Estée Lauder,North America,Los Angeles,High-Street,Mobile Pop-Up Truck,3/3/24,5/4/24,62,LE-CFBUG6BR,Estée Lauder Velvet Primer,82.73,1592,3056,71.86,49.29032258,252822.88,98704
Fenty Beauty,Middle East,Dubai,Luxury Mall,Shop-in-Shop,7/11/25,8/7/25,27,LE-G2TQ5Z3O,Fenty Beauty Opulence Eyeshadow Palette,112.01,1143,230,89.84,8.518518519,25762.3,30861
Tom Ford Beauty,Middle East,Jeddah,Airport Duty-Free,Standalone Pop-Up,10/3/24,11/11/24,39,LE-VDR7UYFV,Tom Ford Beauty Satin Mascara,59.29,1998,3583,91.26,91.87179487,212436.07,77922
Pat McGrath Labs,Middle East,Abu Dhabi,Airport Duty-Free,Flash Event,10/8/24,10/17/24,9,LE-DXTWRAF7,Pat McGrath Labs Glow Lipstick,64.89,1183,3041,98.16,337.8888889,197330.49,10647
La Prairie,Latin America,Lima,Airport Duty-Free,Flash Event,5/17/24,7/2/24,46,LE-HE0CRG4L,La Prairie Mirage Fragrance,373.64,1128,3377,85.21,73.41304348,1261782.28,51888
Rare Beauty,Asia-Pacific,Singapore,High-Street,Shop-in-Shop,2/22/25,5/2/25,69,LE-8446UY6Z,Rare Beauty Rouge Primer,43.93,1874,1725,58.91,25,75779.25,129306
La Prairie,Europe,London,Airport Duty-Free,Mobile Pop-Up Truck,5/14/24,5/27/24,13,LE-5PU52FW9,La Prairie Satin Primer,69.22,909,3265,83.59,251.1538462,226003.3,11817
Charlotte Tilbury,Asia-Pacific,Shanghai,Luxury Mall,Standalone Pop-Up,9/18/24,11/15/24,58,LE-VQML0P72,Charlotte Tilbury Éclat Setting Powder,83.36,743,1071,46.34,18.46551724,89278.56,43094
Hermès Beauty,Europe,Paris,High-Street,Mobile Pop-Up Truck,6/29/24,9/19/24,82,LE-VTGDJQNE,Hermès Beauty Satin Highlighter,37.95,1324,4503,90.95,54.91463415,170888.85,108568
Shiseido,Europe,Milan,Art/Design District,Mall Kiosk,3/22/25,6/10/25,80,LE-2QALB155,Shiseido Rouge Lipstick,65.56,1239,1392,87.11,17.4,91259.52,99120
Shiseido,Latin America,São Paulo,Department Store Atrium,Mall Kiosk,7/12/24,9/24/24,74,LE-IO373AGS,Shiseido Éclat Eyeshadow Palette,70.66,1723,2810,72.5,37.97297297,198554.6,127502
Valentino Beauty,Middle East,Riyadh,High-Street,Mall Kiosk,6/1/25,8/11/25,71,LE-0XGBJ4SS,Valentino Beauty Satin Setting Powder,84.38,2001,200,60.24,2.816901408,16876,142071
Clé de Peau Beauté,Middle East,Abu Dhabi,Department Store Atrium,Standalone Pop-Up,5/14/25,5/27/25,13,LE-4FCZC68S,Clé de Peau Beauté Opulence Serum,132.33,1140,1341,53.79,103.1538462,177454.53,14820
Pat McGrath Labs,Latin America,Bogotá,Airport Duty-Free,Flash Event,3/13/24,4/15/24,33,LE-9PO2IH43,Pat McGrath Labs Lumière Blush,69.94,1582,838,47.48,25.39393939,58609.72,52206
Hermès Beauty,Middle East,Doha,Airport Duty-Free,Flash Event,10/10/24,11/23/24,44,LE-WJNRJXSV,Hermès Beauty Velvet Serum,178.09,1115,1210,56.17,27.5,215488.9,49060
Guerlain,Middle East,Riyadh,Department Store Atrium,Flash Event,5/13/24,7/22/24,70,LE-US8UBU4N,Guerlain Satin Serum,130.54,1447,612,67.55,8.742857143,79890.48,101290
Charlotte Tilbury,Latin America,Buenos Aires,Luxury Mall,Shop-in-Shop,11/4/24,1/13/25,70,LE-8JNL4VBO,Charlotte Tilbury Rouge Highlighter,77.98,855,3106,76.54,44.37142857,242205.88,59850
Chanel,Middle East,Abu Dhabi,Luxury Mall,Mobile Pop-Up Truck,6/25/24,7/30/24,35,LE-L873YTE2,Chanel Satin Lipstick,58.62,1505,1910,68.07,54.57142857,111964.2,52675
NARS,Europe,Unknown,Art/Design District,Mobile Pop-Up Truck,6/6/25,7/9/25,33,LE-QUG3UIHR,NARS Satin Foundation,81.54,745,571,71.2,17.3030303,46559.34,24585
Valentino Beauty,Asia-Pacific,Hong Kong,Art/Design District,Mobile Pop-Up Truck,11/29/24,1/3/25,35,LE-L1NSX353,Valentino Beauty Éclat Serum,284.69,974,918,50.47,26.22857143,261345.42,34090
Fenty Beauty,Asia-Pacific,Shanghai,Department Store Atrium,Flash Event,9/10/24,11/29/24,80,LE-5Q4PUC52,Fenty Beauty Éclat Highlighter,44.53,1593,2524,88.07,31.55,112393.72,127440
Charlotte Tilbury,North America,Chicago,Art/Design District,Standalone Pop-Up,10/3/24,11/9/24,37,LE-RYEYXAMB,Charlotte Tilbury Rouge Eyeshadow Palette,91.73,1187,2308,79.23,62.37837838,211712.84,43919
Sisley-Paris,Latin America,Bogotá,Department Store Atrium,Mall Kiosk,8/2/24,9/30/24,59,LE-6HGRH2D5,Sisley-Paris Velvet Primer,55.88,810,3784,93.41,64.13559322,211449.92,47790
NARS,Europe,London,Department Store Atrium,Mall Kiosk,3/16/25,6/12/25,88,LE-55YKTDUU,NARS Noir Mascara,46.04,1779,892,64.03,10.13636364,41067.68,156552
La Prairie,Latin America,Bogotá,Luxury Mall,Mobile Pop-Up Truck,4/23/25,6/26/25,64,LE-TI94OU5O,La Prairie Noir Foundation,63.43,786,641,89.03,10.015625,40658.63,50304
Estée Lauder,Asia-Pacific,Shanghai,Airport Duty-Free,Flash Event,7/7/24,8/22/24,46,LE-FXRUYTX6,Estée Lauder Velvet Mascara,33.85,1133,1749,63.1,38.02173913,59203.65,52118
NARS,Asia-Pacific,Tokyo,Luxury Mall,Shop-in-Shop,5/11/24,6/3/24,23,LE-OFBBD3MO,NARS Opulence Fragrance,320.46,1604,717,63.23,31.17391304,229769.82,36892
Huda Beauty,North America,New York,Airport Duty-Free,Shop-in-Shop,12/16/24,2/19/25,65,LE-4PCPFQ6K,Huda Beauty Opulence Mascara,45.18,1230,2314,63.38,35.6,104546.52,79950
Bobbi Brown,Europe,Madrid,Luxury Mall,Flash Event,10/13/24,12/9/24,57,LE-ETARI82G,Bobbi Brown Rouge Primer,41.19,1348,1019,61.8,17.87719298,41972.61,76836
Tom Ford Beauty,Asia-Pacific,Singapore,Luxury Mall,Mall Kiosk,11/21/24,1/24/25,64,LE-LJ53ILQS,Tom Ford Beauty Mirage Foundation,117.18,822,1107,98.49,17.296875,129718.26,52608
Valentino Beauty,Asia-Pacific,Seoul,High-Street,Flash Event,10/2/24,10/30/24,28,LE-SU5XUWQW,Valentino Beauty Glow Setting Powder,60.76,2537,1724,86.55,61.57142857,104750.24,71036
Pat McGrath Labs,Europe,London,Art/Design District,Shop-in-Shop,5/25/24,7/15/24,51,LE-KVWAR30Y,Pat McGrath Labs Opulence Primer,57.63,758,1502,80.19,29.45098039,86560.26,38658
Hermès Beauty,Latin America,Buenos Aires,High-Street,Mobile Pop-Up Truck,6/19/24,6/24/24,5,LE-UOKMD4D5,Hermès Beauty Pearl Lipstick,60.45,1146,296,61.92,59.2,17893.2,5730
Estée Lauder,Middle East,Doha,Luxury Mall,Mobile Pop-Up Truck,8/28/24,9/29/24,32,LE-CA7AHBZK,Estée Lauder Pearl Primer,62.21,1088,2641,63.65,82.53125,164296.61,34816
Bobbi Brown,Europe,London,Airport Duty-Free,Standalone Pop-Up,9/7/24,9/26/24,19,LE-Y3EAT8L1,Bobbi Brown Rouge Foundation,106.41,930,2149,60.06,113.1052632,228675.09,17670
Clé de Peau Beauté,Asia-Pacific,Tokyo,High-Street,Mall Kiosk,3/23/25,4/20/25,28,LE-MWDE82T3,Clé de Peau Beauté Mirage Highlighter,40.12,3048,295,71.6,10.53571429,11835.4,85344
Guerlain,Latin America,Lima,Department Store Atrium,Shop-in-Shop,10/26/24,11/12/24,17,LE-5V1KQRKO,Guerlain Mirage Eyeshadow Palette,65.57,1419,525,46.54,30.88235294,34424.25,24123
Hermès Beauty,Europe,Madrid,High-Street,Standalone Pop-Up,6/30/24,9/27/24,89,LE-HSJOWAAM,Hermès Beauty Satin Eyeshadow Palette,59.29,2053,2942,91.99,33.05617978,174431.18,182717
Dior,Asia-Pacific,Seoul,Airport Duty-Free,Mobile Pop-Up Truck,3/28/24,6/20/24,84,LE-V4PWXCM1,Dior Satin Highlighter,80.42,2413,2021,72.86,24.05952381,162528.82,202692
Chanel,North America,Chicago,Art/Design District,Mall Kiosk,7/18/24,9/8/24,52,LE-1Y77NO9E,Chanel Lumière Eyeshadow Palette,87.26,518,1996,58.55,38.38461538,174170.96,26936
Rare Beauty,Middle East,Doha,Department Store Atrium,Shop-in-Shop,5/24/25,7/3/25,40,LE-CIFQXNW2,Rare Beauty Noir Serum,163.84,1567,2262,83.41,56.55,370606.08,62680
Sisley-Paris,Europe,Berlin,Department Store Atrium,Flash Event,11/21/24,11/24/24,3,LE-CFGKXZLX,Sisley-Paris Opulence Highlighter,42.51,1788,2412,67.34,804,102534.12,5364
La Prairie,Asia-Pacific,Hong Kong,Luxury Mall,Mobile Pop-Up Truck,6/22/25,8/1/25,40,LE-3S709PA1,La Prairie Opulence Highlighter,50.74,1617,2173,76.14,54.325,110258.02,64680
MAC Cosmetics,Middle East,Jeddah,Luxury Mall,Flash Event,3/30/24,4/14/24,15,LE-8930BGOD,MAC Cosmetics Mirage Serum,256.72,993,1775,85.42,118.3333333,455678,14895
Hermès Beauty,North America,Los Angeles,Airport Duty-Free,Shop-in-Shop,5/31/24,6/25/24,25,LE-BIF0RCZE,Hermès Beauty Satin Serum,137.42,1584,3199,92.97,127.96,439606.58,39600
Guerlain,Europe,Madrid,Department Store Atrium,Shop-in-Shop,3/3/25,5/12/25,70,LE-2083HYIY,Guerlain Satin Foundation,76.17,1309,2423,49.26,34.61428571,184559.91,91630
Huda Beauty,Latin America,Mexico City,Airport Duty-Free,Shop-in-Shop,1/26/25,2/16/25,21,LE-4MFN9LBW,Huda Beauty Opulence Serum,229.63,928,1288,62.89,61.33333333,295763.44,19488
Hourglass,Latin America,São Paulo,Airport Duty-Free,Mobile Pop-Up Truck,6/9/24,7/2/24,23,LE-XDLXOQ3Z,Hourglass Mirage Highlighter,63.27,932,3738,82.99,162.5217391,236503.26,21436
Sisley-Paris,Asia-Pacific,Tokyo,Art/Design District,Flash Event,5/7/24,7/5/24,59,LE-YEUV62UQ,Sisley-Paris Noir Highlighter,75.02,1136,2761,77.82,46.79661017,207130.22,67024
Guerlain,Latin America,Lima,Airport Duty-Free,Flash Event,4/17/24,7/5/24,79,LE-HCUDZMZE,Guerlain Rouge Foundation,46.53,1353,2157,67.94,27.30379747,100365.21,106887
Huda Beauty,North America,Chicago,Airport Duty-Free,Flash Event,7/7/24,9/9/24,64,LE-09UOK33M,Huda Beauty Noir Eyeshadow Palette,117.28,1725,3207,74.34,50.109375,376116.96,110400
Givenchy Beauty,Middle East,Riyadh,Art/Design District,Shop-in-Shop,7/6/25,7/22/25,16,LE-ZRAAN8FY,Givenchy Beauty Opulence Blush,54.47,590,1305,62.23,81.5625,71083.35,9440
Bobbi Brown,North America,New York,Luxury Mall,Mall Kiosk,1/4/25,2/24/25,51,LE-WDZ4TB1V,Bobbi Brown Glow Serum,189.44,1985,803,46.28,15.74509804,152120.32,101235
Pat McGrath Labs,Latin America,Buenos Aires,Department Store Atrium,Flash Event,11/16/24,12/9/24,23,LE-R5O0KWCN,Pat McGrath Labs Glow Highlighter,87.18,1180,3700,99.06,160.8695652,322566,27140
Tom Ford Beauty,Asia-Pacific,Tokyo,Airport Duty-Free,Standalone Pop-Up,7/14/24,10/9/24,87,LE-W732VLUP,Tom Ford Beauty Mirage Highlighter,48.52,2054,2805,74.84,32.24137931,136098.6,178698
Fenty Beauty,Latin America,Buenos Aires,Airport Duty-Free,Flash Event,4/25/25,6/1/25,37,LE-2VLC7NUX,Fenty Beauty Éclat Highlighter,82.94,2123,553,90.21,14.94594595,45865.82,78551
Estée Lauder,Latin America,Lima,High-Street,Shop-in-Shop,8/30/24,11/22/24,84,LE-FSZ8ZDSC,Estée Lauder Glow Foundation,100.11,2282,1681,70.31,20.01190476,168284.91,191688
Dior,Asia-Pacific,Shanghai,Luxury Mall,Mall Kiosk,6/18/25,7/5/25,17,LE-RG5DI9TE,Dior Pearl Primer,42.51,1658,2572,76.37,151.2941176,109335.72,28186
Fenty Beauty,Middle East,Riyadh,High-Street,Standalone Pop-Up,6/12/24,6/15/24,3,LE-YVAKFONX,Fenty Beauty Opulence Blush,61.06,1845,3334,85.82,1111.333333,203574.04,5535
YSL Beauty,Europe,Milan,Airport Duty-Free,Mall Kiosk,6/13/24,7/21/24,38,LE-8069JHJR,YSL Beauty Glow Highlighter,39.76,2242,1112,55.05,29.26315789,44213.12,85196
Estée Lauder,North America,Miami,Airport Duty-Free,Mall Kiosk,2/29/24,3/16/24,16,LE-7SFGZ6V0,Estée Lauder Noir Fragrance,170.63,1003,1343,78.81,83.9375,229156.09,16048
Charlotte Tilbury,Asia-Pacific,Shanghai,Art/Design District,Shop-in-Shop,10/19/24,10/27/24,8,LE-MHUOCB2D,Charlotte Tilbury Velvet Mascara,49.32,993,2449,66.49,306.125,120784.68,7944
Bobbi Brown,Middle East,Abu Dhabi,Airport Duty-Free,Mobile Pop-Up Truck,3/6/24,6/4/24,90,LE-QOFR8VNQ,Bobbi Brown Rouge Primer,70.88,1141,1870,73.65,20.77777778,132545.6,102690
Shiseido,Latin America,Buenos Aires,Luxury Mall,Standalone Pop-Up,6/27/24,8/9/24,43,LE-AQYSY89I,Shiseido Éclat Eyeshadow Palette,118.33,1763,240,65.93,5.581395349,28399.2,75809
MAC Cosmetics,Latin America,Mexico City,Art/Design District,Mall Kiosk,3/31/24,5/27/24,57,LE-O2L1SPV0,MAC Cosmetics Velvet Lipstick,71.56,1264,2367,82.53,41.52631579,169382.52,72048
Estée Lauder,Asia-Pacific,Singapore,High-Street,Mobile Pop-Up Truck,4/11/25,6/7/25,57,LE-NU3AZ6JY,Estée Lauder Glow Blush,68.74,1033,3483,88.87,61.10526316,239421.42,58881
NARS,Middle East,Doha,Luxury Mall,Shop-in-Shop,2/7/25,3/4/25,25,LE-HNX9CKNJ,NARS Éclat Eyeshadow Palette,75.59,1746,836,76.42,33.44,63193.24,43650
Givenchy Beauty,North America,New York,High-Street,Mobile Pop-Up Truck,6/2/25,8/7/25,66,LE-15PIC3SY,Givenchy Beauty Glow Mascara,61.97,1953,2671,62.77,40.46969697,165521.87,128898
YSL Beauty,North America,Chicago,High-Street,Standalone Pop-Up,12/5/24,1/4/25,30,LE-NCTGP97M,YSL Beauty Velvet Lipstick,50.57,1377,1533,97.77,51.1,77523.81,41310
MAC Cosmetics,Latin America,São Paulo,Luxury Mall,Mobile Pop-Up Truck,2/6/25,5/2/25,85,LE-HOH9BIJ7,MAC Cosmetics Pearl Primer,58.24,1179,2892,79.87,34.02352941,168430.08,100215
MAC Cosmetics,Asia-Pacific,Tokyo,Luxury Mall,Mobile Pop-Up Truck,12/29/24,1/22/25,24,LE-5CBCB4G7,MAC Cosmetics Opulence Blush,68.85,1087,2677,67.13,111.5416667,184311.45,26088
Rare Beauty,Middle East,Abu Dhabi,Art/Design District,Standalone Pop-Up,10/26/24,12/30/24,65,LE-SRV7JD1Q,Rare Beauty Satin Eyeshadow Palette,87.8,1293,3563,84.95,54.81538462,312831.4,84045
Charlotte Tilbury,Middle East,Doha,High-Street,Mall Kiosk,3/8/25,3/13/25,5,LE-UBFQ7ZPF,Charlotte Tilbury Noir Mascara,45.48,2600,405,55.18,81,18419.4,13000
Huda Beauty,North America,Los Angeles,Art/Design District,Mall Kiosk,4/10/24,5/13/24,33,LE-8KNCB6XL,Huda Beauty Glow Lipstick,54.53,824,838,62.49,25.39393939,45696.14,27192
Clé de Peau Beauté,Latin America,Lima,Art/Design District,Flash Event,6/6/24,6/13/24,7,LE-11173AUD,Clé de Peau Beauté Velvet Eyeshadow Palette,112.9,1148,3909,82.96,558.4285714,441326.1,8036
Lancôme,Latin America,Bogotá,Luxury Mall,Flash Event,3/18/25,3/29/25,11,LE-NX9ODG0J,Lancôme Lumière Setting Powder,50.86,713,707,67.59,64.27272727,35958.02,7843
Dior,Asia-Pacific,Hong Kong,Airport Duty-Free,Mobile Pop-Up Truck,12/6/24,1/25/25,50,LE-IC6DXN6U,Dior Noir Setting Powder,75,2375,2072,71.45,41.44,155400,118750
Guerlain,Middle East,Jeddah,Airport Duty-Free,Shop-in-Shop,1/15/25,2/21/25,37,LE-W7RR2WVS,Guerlain Velvet Fragrance,324.18,1348,3007,83.57,81.27027027,974809.26,49876
Bobbi Brown,Europe,Berlin,Department Store Atrium,Mobile Pop-Up Truck,10/4/24,12/21/24,78,LE-SDUSJU33,Bobbi Brown Mirage Serum,157,1503,3431,73.28,43.98717949,538667,117234
Chanel,Latin America,São Paulo,Airport Duty-Free,Shop-in-Shop,10/21/24,11/22/24,32,LE-AZVT6TUK,Chanel Mirage Primer,72.83,2149,1885,75.64,58.90625,137284.55,68768
Shiseido,Middle East,Riyadh,Luxury Mall,Flash Event,11/20/24,12/8/24,18,LE-RBKCGS2S,Shiseido Éclat Serum,84.87,1328,873,87.13,48.5,74091.51,23904
Tom Ford Beauty,Europe,London,Art/Design District,Mobile Pop-Up Truck,7/23/24,10/4/24,73,LE-TKI18XND,Tom Ford Beauty Noir Serum,121.39,1241,3361,80.66,46.04109589,407991.79,90593
Valentino Beauty,Asia-Pacific,Shanghai,Luxury Mall,Flash Event,9/21/24,12/15/24,85,LE-X4DXOUYB,Valentino Beauty Éclat Highlighter,59.3,1438,1701,71.62,20.01176471,100869.3,122230
Pat McGrath Labs,Europe,Madrid,Airport Duty-Free,Mobile Pop-Up Truck,8/8/24,10/13/24,66,LE-HHRWPV2R,Pat McGrath Labs Velvet Serum,144.65,944,1829,64.02,27.71212121,264564.85,62304
Pat McGrath Labs,Latin America,São Paulo,Department Store Atrium,Mobile Pop-Up Truck,3/24/25,4/27/25,34,LE-Z6C95MLZ,Pat McGrath Labs Éclat Foundation,109.73,1638,1430,56.45,42.05882353,156913.9,55692
Lancôme,Latin America,Mexico City,High-Street,Mall Kiosk,10/17/24,11/21/24,35,LE-ZKOWXEPC,Lancôme Glow Lipstick,45.64,858,1659,74,47.4,75716.76,30030
YSL Beauty,Latin America,Buenos Aires,Luxury Mall,Flash Event,6/2/25,7/23/25,51,LE-MSFB8XL7,YSL Beauty Velvet Foundation,56.51,1709,3171,66.39,62.17647059,179193.21,87159
Hourglass,North America,Miami,High-Street,Shop-in-Shop,4/27/24,5/1/24,4,LE-Y5MKZ45I,Hourglass Lumière Blush,64.95,1986,2394,80.04,598.5,155490.3,7944
Dior,Middle East,Doha,High-Street,Mall Kiosk,12/13/24,1/4/25,22,LE-FD57UAHC,Dior Pearl Blush,65.63,2276,1045,86.01,47.5,68583.35,50072
Chanel,Middle East,Doha,Luxury Mall,Flash Event,5/29/25,6/26/25,28,LE-6F6HB0GX,Chanel Noir Foundation,118.46,1070,1720,69.61,61.42857143,203751.2,29960
Sisley-Paris,Asia-Pacific,Shanghai,High-Street,Standalone Pop-Up,4/30/25,5/8/25,8,LE-LALGMAYL,Sisley-Paris Rouge Foundation,51.33,2033,4217,95.49,527.125,216458.61,16264
Lancôme,Latin America,Mexico City,Luxury Mall,Shop-in-Shop,5/18/24,8/14/24,88,LE-7RPWJ9H6,Lancôme Éclat Setting Powder,56.53,669,3099,74.69,35.21590909,175186.47,58872
La Prairie,Europe,Berlin,High-Street,Flash Event,3/29/25,5/19/25,51,LE-3OAR33HI,La Prairie Velvet Fragrance,134.21,2200,2793,67.77,54.76470588,374848.53,112200
Estée Lauder,Asia-Pacific,Seoul,Art/Design District,Flash Event,4/22/25,5/29/25,37,LE-QHQQXWM6,Estée Lauder Velvet Fragrance,174.22,934,2142,59.95,57.89189189,373179.24,34558
Dior,Latin America,São Paulo,Airport Duty-Free,Mobile Pop-Up Truck,7/27/25,8/9/25,13,LE-6E92S4O2,Dior Glow Lipstick,36.01,2052,2325,52.59,178.8461538,83723.25,26676
YSL Beauty,Europe,Madrid,Luxury Mall,Shop-in-Shop,11/2/24,1/1/25,60,LE-ADTZ80VS,YSL Beauty Noir Lipstick,39.54,767,2693,64.75,44.88333333,106481.22,46020
Guerlain,North America,Chicago,Department Store Atrium,Shop-in-Shop,9/17/24,10/3/24,16,LE-OCG1AFFH,Guerlain Velvet Primer,54.24,1245,1744,66.46,109,94594.56,19920
Sisley-Paris,North America,Toronto,Airport Duty-Free,Mobile Pop-Up Truck,7/27/24,10/9/24,74,LE-06UA30PM,Sisley-Paris Satin Eyeshadow Palette,115.81,2070,1917,49.57,25.90540541,222007.77,153180
Fenty Beauty,Latin America,Lima,Art/Design District,Standalone Pop-Up,7/24/24,9/11/24,49,LE-P6V9ZGLG,Fenty Beauty Lumière Eyeshadow Palette,72.67,1183,1442,71.92,29.42857143,104790.14,57967
Sisley-Paris,Europe,Madrid,High-Street,Mobile Pop-Up Truck,11/4/24,1/4/25,61,LE-Z07Z35PX,Sisley-Paris Satin Blush,42.97,1157,766,97.46,12.55737705,32915.02,70577
La Prairie,Latin America,Bogotá,Art/Design District,Flash Event,11/9/24,1/30/25,82,LE-44LYTE7G,La Prairie Rouge Primer,50.46,787,2568,55.62,31.31707317,129581.28,64534
Armani Beauty,North America,Chicago,Airport Duty-Free,Mobile Pop-Up Truck,8/2/24,9/14/24,43,LE-WCEZV73W,Armani Beauty Glow Setting Powder,47.94,1568,1677,89.15,39,80395.38,67424
Armani Beauty,Latin America,Mexico City,Department Store Atrium,Flash Event,8/22/24,10/26/24,65,LE-SIUFODYE,Armani Beauty Pearl Eyeshadow Palette,132.1,1360,2064,99.42,31.75384615,272654.4,88400
Estée Lauder,Middle East,Jeddah,Department Store Atrium,Standalone Pop-Up,2/21/25,5/13/25,81,LE-TYDMGFS7,Estée Lauder Lumière Primer,45.31,1646,1151,64.41,14.20987654,52151.81,133326
MAC Cosmetics,Latin America,Buenos Aires,Airport Duty-Free,Mobile Pop-Up Truck,7/5/24,7/22/24,17,LE-TXGD2H2U,MAC Cosmetics Glow Lipstick,45.1,2011,1700,57.39,100,76670,34187
Chanel,North America,Unknown,Department Store Atrium,Mobile Pop-Up Truck,5/8/24,6/29/24,52,LE-4DGA2I4I,Chanel Mirage Highlighter,41.95,858,4463,92.23,85.82692308,187222.85,44616
Sisley-Paris,Latin America,Mexico City,Department Store Atrium,Standalone Pop-Up,10/7/24,11/12/24,36,LE-N6UG17BT,Sisley-Paris Velvet Mascara,32.39,1302,1733,78.77,48.13888889,56131.87,46872
Chanel,Middle East,Riyadh,High-Street,Shop-in-Shop,7/10/24,8/20/24,41,LE-0YVVWG55,Chanel Satin Highlighter,35.21,1917,983,85.55,23.97560976,34611.43,78597
Dior,Asia-Pacific,Hong Kong,Art/Design District,Shop-in-Shop,4/28/25,5/14/25,16,LE-2N952P5L,Dior Pearl Mascara,43.27,562,1568,64.24,98,67847.36,8992
Huda Beauty,Europe,Milan,Department Store Atrium,Shop-in-Shop,4/9/25,4/27/25,18,LE-LST12DPP,Huda Beauty Mirage Blush,39.97,1010,1368,87.24,76,54678.96,18180
Charlotte Tilbury,Europe,Unknown,Luxury Mall,Shop-in-Shop,11/17/24,12/10/24,23,LE-P14A2PXL,Charlotte Tilbury Rouge Highlighter,77.33,1013,830,49.91,36.08695652,64183.9,23299
Charlotte Tilbury,Europe,London,Art/Design District,Standalone Pop-Up,10/11/24,12/15/24,65,LE-75XWD67A,Charlotte Tilbury Mirage Primer,44.6,1258,610,70.03,9.384615385,27206,81770
Charlotte Tilbury,Latin America,Mexico City,High-Street,Shop-in-Shop,6/3/25,6/8/25,5,LE-VY4YU47L,Charlotte Tilbury Velvet Highlighter,62.19,2613,1189,80.88,237.8,73943.91,13065
Tom Ford Beauty,Latin America,São Paulo,Art/Design District,Shop-in-Shop,5/12/25,6/7/25,26,LE-HHMFOIEA,Tom Ford Beauty Glow Setting Powder,78.95,700,2852,77.54,109.6923077,225165.4,18200
Sisley-Paris,Asia-Pacific,Singapore,High-Street,Mobile Pop-Up Truck,1/28/25,4/22/25,84,LE-7GYPYDF0,Sisley-Paris Satin Blush,56.3,1184,2058,84.59,24.5,115865.4,99456
Armani Beauty,Asia-Pacific,Shanghai,Airport Duty-Free,Mall Kiosk,2/19/25,5/19/25,89,LE-6ZLE0HZF,Armani Beauty Pearl Foundation,46.17,1718,394,48.88,4.426966292,18190.98,152902
Lancôme,Middle East,Abu Dhabi,Luxury Mall,Mobile Pop-Up Truck,11/16/24,1/12/25,57,LE-5G4EDJVE,Lancôme Mirage Mascara,60.49,1043,4409,97.24,77.35087719,266700.41,59451
Givenchy Beauty,Europe,Madrid,Art/Design District,Standalone Pop-Up,1/14/25,2/20/25,37,LE-7YAVIQ0M,Givenchy Beauty Éclat Foundation,68.65,934,777,67.1,21,53341.05,34558
Valentino Beauty,Latin America,São Paulo,Department Store Atrium,Shop-in-Shop,11/14/24,11/26/24,12,LE-ZXUS8WZA,Valentino Beauty Satin Lipstick,36.85,1462,278,69.15,23.16666667,10244.3,17544
Chanel,Latin America,São Paulo,Art/Design District,Standalone Pop-Up,2/27/25,5/16/25,78,LE-LIGE2IBM,Chanel Glow Setting Powder,76.53,764,3744,88.45,48,286528.32,59592
Dior,Europe,Paris,Department Store Atrium,Flash Event,12/26/24,3/19/25,83,LE-PF8TQ2CX,Dior Velvet Blush,59.11,1463,4844,100,58.36144578,286328.84,121429
Pat McGrath Labs,Latin America,Unknown,Luxury Mall,Flash Event,6/28/24,8/24/24,57,LE-W458SB4I,Pat McGrath Labs Rouge Blush,66.51,1134,1326,79.35,23.26315789,88192.26,64638
Rare Beauty,Europe,Milan,High-Street,Standalone Pop-Up,6/3/25,8/4/25,62,LE-DHIU8T6O,Rare Beauty Opulence Serum,296.22,1189,3434,72.17,55.38709677,1017219.48,73718
Charlotte Tilbury,Latin America,Buenos Aires,Luxury Mall,Shop-in-Shop,4/9/24,6/20/24,72,LE-1L2BBJZA,Charlotte Tilbury Opulence Mascara,63.97,919,499,66.27,6.930555556,31921.03,66168
Sisley-Paris,Middle East,Doha,Airport Duty-Free,Mobile Pop-Up Truck,3/4/24,5/14/24,71,LE-1B1KEWX7,Sisley-Paris Rouge Mascara,35.21,1701,2641,57.7,37.1971831,92989.61,120771
Valentino Beauty,Latin America,Buenos Aires,Airport Duty-Free,Standalone Pop-Up,9/6/24,11/9/24,64,LE-WCNEVUU5,Valentino Beauty Velvet Lipstick,35.19,1283,1607,90.38,25.109375,56550.33,82112
Huda Beauty,North America,New York,Airport Duty-Free,Mobile Pop-Up Truck,2/7/25,2/19/25,12,LE-ZQGC0CH0,Huda Beauty Velvet Mascara,32.66,1910,3092,83.43,257.6666667,100984.72,22920
Valentino Beauty,Latin America,Lima,Art/Design District,Mobile Pop-Up Truck,5/5/24,7/10/24,66,LE-7N7K3EZQ,Valentino Beauty Noir Highlighter,55.85,556,2599,78,39.37878788,145154.15,36696
Dior,North America,Los Angeles,Airport Duty-Free,Shop-in-Shop,5/13/24,5/19/24,6,LE-195GXUWU,Dior Lumière Fragrance,223.21,1772,1683,96.5,280.5,375662.43,10632
Hourglass,North America,Unknown,Art/Design District,Shop-in-Shop,3/20/24,3/25/24,5,LE-CLTNOT58,Hourglass Lumière Foundation,96.68,1284,2808,76.12,561.6,271477.44,6420
Lancôme,Latin America,São Paulo,Luxury Mall,Shop-in-Shop,1/22/25,4/19/25,87,LE-ZX8P3JRD,Lancôme Satin Highlighter,39.38,812,980,86.65,11.26436782,38592.4,70644
Estée Lauder,Middle East,Jeddah,Department Store Atrium,Shop-in-Shop,10/11/24,12/13/24,63,LE-MLB5IPRW,Estée Lauder Glow Primer,82.11,868,2076,85.86,32.95238095,170460.36,54684
Clé de Peau Beauté,Europe,Madrid,Airport Duty-Free,Standalone Pop-Up,11/22/24,1/8/25,47,LE-LFRXVT72,Clé de Peau Beauté Satin Primer,51.96,2479,671,94.91,14.27659574,34865.16,116513
Shiseido,Asia-Pacific,Singapore,Art/Design District,Mobile Pop-Up Truck,6/2/25,7/20/25,48,LE-NQ5EQN3F,Shiseido Pearl Blush,65.03,1045,833,88.52,17.35416667,54169.99,50160
Huda Beauty,Latin America,Mexico City,High-Street,Mobile Pop-Up Truck,5/3/25,6/9/25,37,LE-ZDD3271D,Huda Beauty Velvet Primer,69.16,2218,2552,72.91,68.97297297,176496.32,82066
Shiseido,Asia-Pacific,Shanghai,High-Street,Mall Kiosk,11/28/24,2/21/25,85,LE-25PJ3RWG,Shiseido Éclat Highlighter,47.77,1561,2543,55.6,29.91764706,121479.11,132685
Dior,Europe,Milan,Luxury Mall,Mobile Pop-Up Truck,7/28/24,10/23/24,87,LE-0UGL76H2,Dior Mirage Setting Powder,47.11,1376,2314,46.83,26.59770115,109012.54,119712
Bobbi Brown,Europe,Milan,Art/Design District,Mall Kiosk,12/11/24,2/3/25,54,LE-3OR84ZDV,Bobbi Brown Pearl Serum,254.07,647,1675,88.2,31.01851852,425567.25,34938
Fenty Beauty,Latin America,Lima,Art/Design District,Shop-in-Shop,3/6/25,5/12/25,67,LE-GTLQQTUY,Fenty Beauty Pearl Mascara,53.91,1041,840,75.61,12.53731343,45284.4,69747
MAC Cosmetics,North America,Miami,High-Street,Mobile Pop-Up Truck,2/19/24,3/13/24,23,LE-4JUFD69N,MAC Cosmetics Velvet Blush,35.92,1418,1362,53.77,59.2173913,48923.04,32614
Givenchy Beauty,Asia-Pacific,Hong Kong,Department Store Atrium,Standalone Pop-Up,12/18/24,2/12/25,56,LE-SAU3VWFR,Givenchy Beauty Opulence Setting Powder,46.98,954,652,53.66,11.64285714,30630.96,53424
La Prairie,North America,Miami,Airport Duty-Free,Mall Kiosk,6/27/24,6/30/24,3,LE-7YAASC5C,La Prairie Velvet Primer,53.76,928,2555,81.86,851.6666667,137356.8,2784
Guerlain,Middle East,Riyadh,Art/Design District,Mobile Pop-Up Truck,1/4/25,1/11/25,7,LE-A2P1USXW,Guerlain Mirage Mascara,53.42,969,1917,78.21,273.8571429,102406.14,6783
Estée Lauder,Europe,Paris,High-Street,Mall Kiosk,8/4/24,10/22/24,79,LE-C6VVXEGL,Estée Lauder Rouge Fragrance,242.56,2087,1609,89.84,20.36708861,390279.04,164873
Shiseido,North America,Miami,Airport Duty-Free,Standalone Pop-Up,2/15/25,5/11/25,85,LE-WN3RYM6Y,Shiseido Lumière Blush,37.79,1043,1699,52.98,19.98823529,64205.21,88655
Fenty Beauty,Asia-Pacific,Seoul,Luxury Mall,Standalone Pop-Up,8/20/24,9/24/24,35,LE-15TX4NG1,Fenty Beauty Velvet Highlighter,45.76,862,795,46.03,22.71428571,36379.2,30170
Sisley-Paris,Middle East,Jeddah,Luxury Mall,Mall Kiosk,7/12/24,10/1/24,81,LE-94MBVQIV,Sisley-Paris Velvet Highlighter,76,1953,880,48.92,10.86419753,66880,158193
Fenty Beauty,Europe,Berlin,Department Store Atrium,Mobile Pop-Up Truck,1/16/25,3/17/25,60,LE-LE228CSK,Fenty Beauty Lumière Setting Powder,57.96,566,669,55.98,11.15,38775.24,33960
MAC Cosmetics,Middle East,Riyadh,High-Street,Mobile Pop-Up Truck,12/13/24,2/24/25,73,LE-S56WZB6O,MAC Cosmetics Mirage Foundation,116.18,2463,2802,62.32,38.38356164,325536.36,179799
MAC Cosmetics,Europe,London,Department Store Atrium,Standalone Pop-Up,7/14/24,7/24/24,10,LE-RZILIOZ8,MAC Cosmetics Velvet Serum,86.96,1351,1996,70.63,199.6,173572.16,13510
Clé de Peau Beauté,North America,Los Angeles,High-Street,Standalone Pop-Up,3/15/24,3/27/24,12,LE-IWD2ROSR,Clé de Peau Beauté Glow Foundation,57.58,1809,2286,58.89,190.5,131627.88,21708
Estée Lauder,Latin America,Buenos Aires,Art/Design District,Mobile Pop-Up Truck,5/26/25,6/9/25,14,LE-F9W4LZG0,Estée Lauder Noir Primer,74.61,805,2441,59.55,174.3571429,182123.01,11270
Fenty Beauty,Asia-Pacific,Hong Kong,Department Store Atrium,Flash Event,12/1/24,2/2/25,63,LE-G3A7JFIF,Fenty Beauty Opulence Lipstick,38.35,1528,349,54.53,5.53968254,13384.15,96264
Fenty Beauty,Latin America,Buenos Aires,Luxury Mall,Shop-in-Shop,4/1/24,6/11/24,71,LE-BR6RRTY3,Fenty Beauty Glow Eyeshadow Palette,136.54,1999,2042,76.19,28.76056338,278814.68,141929
Bobbi Brown,Middle East,Riyadh,Airport Duty-Free,Mobile Pop-Up Truck,3/8/24,3/15/24,7,LE-YZI750T5,Bobbi Brown Velvet Highlighter,43.59,742,284,51.08,40.57142857,12379.56,5194
Clé de Peau Beauté,North America,New York,Luxury Mall,Mall Kiosk,4/10/25,5/17/25,37,LE-8RF6K33K,Clé de Peau Beauté Satin Serum,172.84,1583,882,48.07,23.83783784,152444.88,58571
Fenty Beauty,Europe,Milan,High-Street,Mobile Pop-Up Truck,5/15/24,6/24/24,40,LE-MXI8MEJY,Fenty Beauty Éclat Serum,211.8,2486,2449,94.23,61.225,518698.2,99440
Sisley-Paris,Latin America,Bogotá,Luxury Mall,Mall Kiosk,7/10/24,8/12/24,33,LE-YM1INTM6,Sisley-Paris Rouge Lipstick,30.96,838,3391,82.95,102.7575758,104985.36,27654
Lancôme,Europe,Paris,Department Store Atrium,Shop-in-Shop,7/29/24,9/1/24,34,LE-4OW3O3HP,Lancôme Mirage Mascara,33.49,1071,1482,46.66,43.58823529,49632.18,36414
Charlotte Tilbury,Asia-Pacific,Shanghai,Airport Duty-Free,Shop-in-Shop,7/23/24,10/13/24,82,LE-D6DSK860,Charlotte Tilbury Lumière Eyeshadow Palette,54.91,1217,2172,100,26.48780488,119264.52,99794
Chanel,Middle East,Jeddah,Luxury Mall,Flash Event,5/18/25,8/4/25,78,LE-GKWTXUGY,Chanel Éclat Lipstick,31.2,1356,2250,92.82,28.84615385,70200,105768
Pat McGrath Labs,Latin America,Lima,Luxury Mall,Mall Kiosk,8/25/24,10/23/24,59,LE-TSI9834H,Pat McGrath Labs Rouge Eyeshadow Palette,89.75,1719,2128,46.53,36.06779661,190988,101421
Clé de Peau Beauté,North America,Miami,Luxury Mall,Mall Kiosk,6/7/24,7/27/24,50,LE-6JKNCSNM,Clé de Peau Beauté Lumière Mascara,58.52,1091,3316,92.68,66.32,194052.32,54550
Pat McGrath Labs,Europe,London,Airport Duty-Free,Standalone Pop-Up,12/11/24,2/23/25,74,LE-YUU61AKT,Pat McGrath Labs Pearl Setting Powder,50.52,2114,1752,70.02,23.67567568,88511.04,156436
Lancôme,Latin America,Bogotá,High-Street,Flash Event,5/8/24,7/21/24,74,LE-IIZ2YAG2,Lancôme Mirage Eyeshadow Palette,131.69,905,3191,87.33,43.12162162,420222.79,66970
NARS,Middle East,Abu Dhabi,Department Store Atrium,Shop-in-Shop,8/18/24,10/6/24,49,LE-VK03G6QA,NARS Éclat Blush,55.52,555,599,74.5,12.2244898,33256.48,27195
Bobbi Brown,Latin America,Mexico City,Luxury Mall,Mall Kiosk,10/20/24,12/5/24,46,LE-D1MB29BI,Bobbi Brown Glow Lipstick,74,1202,2064,63.47,44.86956522,152736,55292
Tom Ford Beauty,Europe,Berlin,High-Street,Mall Kiosk,4/13/24,6/12/24,60,LE-FWAP21MD,Tom Ford Beauty Éclat Primer,67.1,2216,2987,72.32,49.78333333,200427.7,132960
Givenchy Beauty,Latin America,Bogotá,High-Street,Flash Event,4/13/25,5/26/25,43,LE-48QJZ2PU,Givenchy Beauty Satin Primer,63.95,1738,2052,49.99,47.72093023,131225.4,74734
Sisley-Paris,Asia-Pacific,Tokyo,Art/Design District,Flash Event,5/22/24,6/9/24,18,LE-JZSV1A02,Sisley-Paris Éclat Foundation,106.34,1110,1351,100,75.05555556,143665.34,19980
Dior,Asia-Pacific,Tokyo,Luxury Mall,Flash Event,3/21/24,5/28/24,68,LE-2GKYT5VA,Dior Opulence Mascara,45.5,1964,2193,84.06,32.25,99781.5,133552
NARS,Middle East,Dubai,High-Street,Mall Kiosk,7/4/24,7/13/24,9,LE-PBWCWWRC,NARS Velvet Blush,49.78,2834,3284,100,364.8888889,163477.52,25506
La Prairie,Europe,Paris,Airport Duty-Free,Mobile Pop-Up Truck,9/27/24,10/6/24,9,LE-IPN5T5WV,La Prairie Éclat Mascara,59.35,1614,1725,84.06,191.6666667,102378.75,14526
Guerlain,North America,Miami,Department Store Atrium,Mall Kiosk,10/20/24,1/8/25,80,LE-VY2FMUCB,Guerlain Velvet Mascara,70.53,1481,2073,48.15,25.9125,146208.69,118480
Pat McGrath Labs,Latin America,Buenos Aires,Art/Design District,Standalone Pop-Up,5/10/24,5/31/24,21,LE-QDCR80GE,Pat McGrath Labs Éclat Setting Powder,44.9,1163,472,43.22,22.47619048,21192.8,24423
MAC Cosmetics,Latin America,Lima,Luxury Mall,Mobile Pop-Up Truck,8/17/24,8/21/24,4,LE-3412CJHJ,MAC Cosmetics Pearl Fragrance,211.63,1438,1025,69.59,256.25,216920.75,5752
Armani Beauty,North America,New York,Department Store Atrium,Mobile Pop-Up Truck,3/17/24,4/28/24,42,LE-LKF7E8HV,Armani Beauty Lumière Mascara,45.07,1745,713,83.98,16.97619048,32134.91,73290
Chanel,Europe,London,Airport Duty-Free,Shop-in-Shop,2/13/25,4/27/25,73,LE-L5MPGB6L,Chanel Éclat Fragrance,211.32,1531,2639,62.86,36.15068493,557673.48,111763
Guerlain,North America,Chicago,Department Store Atrium,Standalone Pop-Up,1/8/25,1/13/25,5,LE-7Q3FICZD,Guerlain Mirage Mascara,41.5,1657,1775,78.26,355,73662.5,8285
Shiseido,Latin America,São Paulo,Department Store Atrium,Standalone Pop-Up,12/6/24,1/30/25,55,LE-WNTJ42BE,Shiseido Éclat Foundation,92.16,1601,1257,57.63,22.85454545,115845.12,88055
Fenty Beauty,North America,Toronto,Art/Design District,Mobile Pop-Up Truck,1/25/25,3/23/25,57,LE-OR525YAP,Fenty Beauty Mirage Primer,39.48,507,816,68.69,14.31578947,32215.68,28899
Hermès Beauty,Europe,Milan,Art/Design District,Mall Kiosk,10/26/24,12/31/24,66,LE-94031G12,Hermès Beauty Velvet Serum,96.31,1201,175,74.79,2.651515152,16854.25,79266
Hermès Beauty,North America,Miami,Department Store Atrium,Mobile Pop-Up Truck,4/7/24,4/18/24,11,LE-H3U230CQ,Hermès Beauty Velvet Setting Powder,69.59,1645,607,52.6,55.18181818,42241.13,18095
Guerlain,Europe,Madrid,Luxury Mall,Mall Kiosk,11/4/24,12/12/24,38,LE-RWS1PYHD,Guerlain Lumière Setting Powder,63.28,1204,254,51.42,6.684210526,16073.12,45752
Pat McGrath Labs,Latin America,Bogotá,Luxury Mall,Mall Kiosk,4/1/24,6/13/24,73,LE-1K2P147D,Pat McGrath Labs Lumière Setting Powder,52.72,1296,1187,58.36,16.26027397,62578.64,94608
YSL Beauty,Middle East,Riyadh,Department Store Atrium,Standalone Pop-Up,5/7/24,6/10/24,34,LE-0C1V91SY,YSL Beauty Noir Highlighter,60.51,1671,725,92.95,21.32352941,43869.75,56814
Rare Beauty,Asia-Pacific,Shanghai,Art/Design District,Flash Event,7/22/24,10/4/24,74,LE-HKC57Y22,Rare Beauty Lumière Setting Powder,54.69,566,1738,63.85,23.48648649,95051.22,41884
Rare Beauty,Middle East,Riyadh,Department Store Atrium,Shop-in-Shop,3/31/25,4/16/25,16,LE-4HA0O7M7,Rare Beauty Lumière Foundation,57.57,948,192,51.47,12,11053.44,15168
Lancôme,North America,Toronto,Department Store Atrium,Standalone Pop-Up,2/22/24,3/1/24,8,LE-73EF4MAT,Lancôme Noir Setting Powder,83.6,1404,2568,97.98,321,214684.8,11232
Hermès Beauty,Latin America,Buenos Aires,Department Store Atrium,Flash Event,12/29/24,1/15/25,17,LE-MUUSUQ0L,Hermès Beauty Pearl Primer,35.03,1367,1231,89.2,72.41176471,43121.93,23239
Hourglass,Asia-Pacific,Singapore,High-Street,Shop-in-Shop,6/25/25,8/7/25,43,LE-307PZD1D,Hourglass Pearl Primer,44.65,998,3305,81.14,76.86046512,147568.25,42914
Tom Ford Beauty,North America,Los Angeles,High-Street,Standalone Pop-Up,2/26/25,5/7/25,70,LE-8EPXVCHK,Tom Ford Beauty Satin Setting Powder,67.08,2344,208,83.87,2.971428571,13952.64,164080
Estée Lauder,Middle East,Unknown,Airport Duty-Free,Mobile Pop-Up Truck,3/16/25,6/12/25,88,LE-KXELI6K6,Estée Lauder Noir Highlighter,82.59,1937,1364,67.39,15.5,112652.76,170456
Bobbi Brown,North America,Miami,Art/Design District,Flash Event,5/5/25,6/14/25,40,LE-2OCXQQ1S,Bobbi Brown Rouge Blush,61.16,647,3235,83.1,80.875,197852.6,25880
Rare Beauty,Europe,Paris,Department Store Atrium,Shop-in-Shop,5/12/25,7/17/25,66,LE-EMXROV9J,Rare Beauty Mirage Mascara,30.53,1169,1997,61.54,30.25757576,60968.41,77154
Pat McGrath Labs,North America,Miami,Art/Design District,Mobile Pop-Up Truck,7/30/24,8/30/24,31,LE-Z3HO59DV,Pat McGrath Labs Velvet Serum,257.83,1340,1586,60.21,51.16129032,408918.38,41540
YSL Beauty,Asia-Pacific,Hong Kong,High-Street,Standalone Pop-Up,8/9/24,11/3/24,86,LE-16TS29U9,YSL Beauty Mirage Eyeshadow Palette,125.14,2914,2325,67.37,27.03488372,290950.5,250604
Rare Beauty,North America,Miami,Airport Duty-Free,Mobile Pop-Up Truck,6/30/24,8/28/24,59,LE-ZDHKIA8S,Rare Beauty Glow Fragrance,222.82,1487,3102,91.42,52.57627119,691187.64,87733
Clé de Peau Beauté,Middle East,Riyadh,Department Store Atrium,Flash Event,3/5/25,5/25/25,81,LE-VQ4187CQ,Clé de Peau Beauté Rouge Blush,41.34,1576,3550,74.1,43.82716049,146757,127656
Valentino Beauty,Latin America,Buenos Aires,Department Store Atrium,Standalone Pop-Up,3/20/24,3/28/24,8,LE-EI958E3T,Valentino Beauty Velvet Mascara,34.7,1119,2311,60.45,288.875,80191.7,8952
Lancôme,Middle East,Dubai,Luxury Mall,Flash Event,4/24/25,7/22/25,89,LE-ZNDIK5YW,Lancôme Éclat Lipstick,63.57,1998,2061,77.74,23.15730337,131017.77,177822
Lancôme,Latin America,Unknown,Department Store Atrium,Mobile Pop-Up Truck,9/12/24,12/1/24,80,LE-R09FABDQ,Lancôme Glow Serum,106.25,928,1597,68.51,19.9625,169681.25,74240
Armani Beauty,Latin America,Lima,Luxury Mall,Standalone Pop-Up,6/18/24,8/29/24,72,LE-Z2OV0ZI1,Armani Beauty Éclat Fragrance,361.63,1862,1736,51.76,24.11111111,627789.68,134064
NARS,Latin America,Bogotá,Airport Duty-Free,Shop-in-Shop,5/24/25,6/2/25,9,LE-BEMQG91T,NARS Velvet Mascara,44.97,1544,2337,78.87,259.6666667,105094.89,13896
Tom Ford Beauty,Middle East,Jeddah,High-Street,Flash Event,7/27/24,9/16/24,51,LE-57J1QDQI,Tom Ford Beauty Lumière Blush,35.98,1151,2360,87.76,46.2745098,84912.8,58701
Guerlain,North America,New York,Airport Duty-Free,Standalone Pop-Up,10/29/24,11/16/24,18,LE-KL3HU4L2,Guerlain Velvet Serum,125.54,1204,506,68.19,28.11111111,63523.24,21672
Chanel,Latin America,Mexico City,Art/Design District,Flash Event,2/13/25,4/18/25,64,LE-WVHYH5LJ,Chanel Rouge Fragrance,213.12,710,2873,61.84,44.890625,612293.76,45440
NARS,Latin America,Mexico City,Art/Design District,Flash Event,1/11/25,1/19/25,8,LE-7BFEK253,NARS Rouge Setting Powder,84.29,1222,1655,87.34,206.875,139499.95,9776
Tom Ford Beauty,Middle East,Dubai,High-Street,Mobile Pop-Up Truck,8/25/24,10/2/24,38,LE-PJHT366K,Tom Ford Beauty Lumière Blush,54.62,1182,1631,78.53,42.92105263,89085.22,44916
Valentino Beauty,North America,Los Angeles,High-Street,Shop-in-Shop,11/12/24,2/5/25,85,LE-EBVBQFX8,Valentino Beauty Velvet Mascara,32.66,2467,1654,61.58,19.45882353,54019.64,209695
Lancôme,Middle East,Abu Dhabi,Art/Design District,Mall Kiosk,7/11/24,7/28/24,17,LE-NVB9X7Q0,Lancôme Glow Lipstick,79.97,837,2578,61.34,151.6470588,206162.66,14229
La Prairie,Asia-Pacific,Singapore,Department Store Atrium,Shop-in-Shop,3/16/24,4/24/24,39,LE-RQR17ZOI,La Prairie Pearl Highlighter,77.66,1262,1874,89.67,48.05128205,145534.84,49218
Armani Beauty,Asia-Pacific,Hong Kong,High-Street,Shop-in-Shop,6/28/24,9/25/24,89,LE-F74N25LZ,Armani Beauty Satin Eyeshadow Palette,95.56,2335,1010,62.38,11.34831461,96515.6,207815
Guerlain,North America,Miami,Department Store Atrium,Flash Event,5/6/25,7/16/25,71,LE-5JWDN9Q6,Guerlain Noir Highlighter,81.57,650,1789,58.44,25.1971831,145928.73,46150
Huda Beauty,Middle East,Abu Dhabi,High-Street,Shop-in-Shop,5/15/24,7/29/24,75,LE-XJRMFMX5,Huda Beauty Velvet Mascara,62.77,2528,3139,66.57,41.85333333,197035.03,189600
Givenchy Beauty,Asia-Pacific,Tokyo,Airport Duty-Free,Flash Event,6/23/24,9/9/24,78,LE-LR2Q21CA,Givenchy Beauty Velvet Setting Powder,45.09,1931,2668,70.36,34.20512821,120300.12,150618
NARS,Middle East,Abu Dhabi,Art/Design District,Mobile Pop-Up Truck,4/22/24,7/13/24,82,LE-Z86VPBNL,NARS Noir Fragrance,359.25,992,2332,62.05,28.43902439,837771,81344
Charlotte Tilbury,Asia-Pacific,Tokyo,High-Street,Standalone Pop-Up,4/26/24,5/19/24,23,LE-TUQ1OZ9U,Charlotte Tilbury Satin Setting Powder,66.86,2667,298,56.02,12.95652174,19924.28,61341
Shiseido,Middle East,Riyadh,Airport Duty-Free,Flash Event,7/18/24,10/3/24,77,LE-5PBLWF7E,Shiseido Mirage Highlighter,88.54,2070,2949,63.94,38.2987013,261104.46,159390
Charlotte Tilbury,Europe,Paris,Department Store Atrium,Flash Event,4/9/25,6/14/25,66,LE-HT50637P,Charlotte Tilbury Mirage Mascara,35.57,1577,551,93.39,8.348484848,19599.07,104082
Chanel,Middle East,Jeddah,Department Store Atrium,Mall Kiosk,3/25/24,4/25/24,31,LE-6PBZ7JJ0,Chanel Velvet Mascara,69.08,817,768,52.07,24.77419355,53053.44,25327
Hourglass,Asia-Pacific,Shanghai,Department Store Atrium,Standalone Pop-Up,3/10/24,3/20/24,10,LE-KNOL4MHC,Hourglass Rouge Foundation,53.71,1664,1322,78.27,132.2,71004.62,16640
Huda Beauty,Asia-Pacific,Hong Kong,Department Store Atrium,Standalone Pop-Up,11/4/24,11/25/24,21,LE-VAINAAFY,Huda Beauty Glow Mascara,50.1,1166,2173,73.21,103.4761905,108867.3,24486
YSL Beauty,Europe,Berlin,High-Street,Mall Kiosk,3/16/24,5/30/24,75,LE-8MU7OZ3G,YSL Beauty Noir Fragrance,246.19,2602,970,74.05,12.93333333,238804.3,195150
Valentino Beauty,Middle East,Jeddah,High-Street,Mobile Pop-Up Truck,6/1/24,8/17/24,77,LE-WH9T93KV,Valentino Beauty Satin Mascara,64.27,2663,2913,93.7,37.83116883,187218.51,205051
Charlotte Tilbury,Asia-Pacific,Tokyo,Department Store Atrium,Shop-in-Shop,4/25/24,5/16/24,21,LE-9OPTKY1L,Charlotte Tilbury Lumière Foundation,76,618,1952,91.95,92.95238095,148352,12978
Fenty Beauty,Europe,Berlin,High-Street,Shop-in-Shop,1/14/25,1/21/25,7,LE-4H8RZIRL,Fenty Beauty Lumière Primer,54.27,1726,1701,65.52,243,92313.27,12082
Hermès Beauty,North America,Chicago,High-Street,Standalone Pop-Up,4/15/25,7/10/25,86,LE-KQF881R2,Hermès Beauty Mirage Eyeshadow Palette,130.34,1824,615,57.21,7.151162791,80159.1,156864
Hermès Beauty,Asia-Pacific,Singapore,Luxury Mall,Flash Event,5/31/24,6/20/24,20,LE-GBU3LLPM,Hermès Beauty Velvet Foundation,89.13,1076,2008,65.17,100.4,178973.04,21520
Clé de Peau Beauté,Latin America,Bogotá,Department Store Atrium,Mall Kiosk,3/29/24,6/22/24,85,LE-WA8KRZIU,Clé de Peau Beauté Noir Blush,32.97,1496,162,63.78,1.905882353,5341.14,127160
La Prairie,North America,New York,High-Street,Standalone Pop-Up,4/25/24,6/18/24,54,LE-6PD41NWI,La Prairie Noir Fragrance,239,1132,2975,91.74,55.09259259,711025,61128
Huda Beauty,Latin America,Bogotá,High-Street,Mobile Pop-Up Truck,12/4/24,2/9/25,67,LE-3J5I4CTJ,Huda Beauty Opulence Primer,56.81,1181,220,56.99,3.28358209,12498.2,79127
Hourglass,Asia-Pacific,Singapore,Luxury Mall,Standalone Pop-Up,7/21/24,10/17/24,88,LE-MHLDF8ZF,Hourglass Velvet Eyeshadow Palette,141.57,775,968,69.94,11,137039.76,68200
Pat McGrath Labs,Europe,Paris,High-Street,Mobile Pop-Up Truck,8/25/24,10/7/24,43,LE-RA7Y6QIJ,Pat McGrath Labs Lumière Serum,132.97,2534,3114,65.64,72.41860465,414068.58,108962
Valentino Beauty,Latin America,Lima,High-Street,Flash Event,3/5/24,4/5/24,31,LE-JMTBVDTQ,Valentino Beauty Mirage Lipstick,41.62,2813,1325,74.44,42.74193548,55146.5,87203
Hermès Beauty,Europe,London,Department Store Atrium,Standalone Pop-Up,7/10/25,7/27/25,17,LE-5HQBK8CV,Hermès Beauty Velvet Primer,83.19,1327,2736,81.87,160.9411765,227607.84,22559
Lancôme,North America,Miami,Luxury Mall,Mall Kiosk,6/24/24,7/4/24,10,LE-CQBVB62X,Lancôme Rouge Blush,67.83,1180,222,73.27,22.2,15058.26,11800
Shiseido,Asia-Pacific,Hong Kong,Airport Duty-Free,Mall Kiosk,4/3/24,5/10/24,37,LE-AR3COGGM,Shiseido Satin Mascara,36.7,1189,570,47.46,15.40540541,20919,43993
Hourglass,Middle East,Jeddah,Art/Design District,Mobile Pop-Up Truck,3/4/24,5/5/24,62,LE-69IOX45Q,Hourglass Velvet Fragrance,385.46,1012,2727,74.16,43.98387097,1051149.42,62744
Charlotte Tilbury,Asia-Pacific,Unknown,High-Street,Mall Kiosk,6/27/24,7/21/24,24,LE-K3AN2LJ7,Charlotte Tilbury Éclat Foundation,115.55,1632,734,70.71,30.58333333,84813.7,39168
Hermès Beauty,Latin America,São Paulo,Art/Design District,Flash Event,4/29/24,5/11/24,12,LE-6IGPVAK4,Hermès Beauty Mirage Fragrance,200.82,1017,2244,73.99,187,450640.08,12204
YSL Beauty,North America,Miami,Department Store Atrium,Standalone Pop-Up,6/20/25,7/14/25,24,LE-WAWAB9HC,YSL Beauty Lumière Highlighter,88.8,1443,1881,56.28,78.375,167032.8,34632
Tom Ford Beauty,Asia-Pacific,Hong Kong,Art/Design District,Standalone Pop-Up,5/16/25,7/7/25,52,LE-VXZDY3MW,Tom Ford Beauty Opulence Serum,298.46,993,1643,69.5,31.59615385,490369.78,51636
YSL Beauty,Middle East,Doha,Art/Design District,Standalone Pop-Up,6/18/24,9/12/24,86,LE-5WIITW3W,YSL Beauty Mirage Eyeshadow Palette,114.41,1218,2431,55.74,28.26744186,278130.71,104748
Dior,Europe,Madrid,High-Street,Standalone Pop-Up,10/26/24,12/26/24,61,LE-7P8C1L64,Dior Velvet Highlighter,62.88,2478,1856,82.53,30.42622951,116705.28,151158
Shiseido,Middle East,Riyadh,Art/Design District,Flash Event,6/22/24,8/8/24,47,LE-OKZF8KTC,Shiseido Mirage Fragrance,343.04,482,1631,83,34.70212766,559498.24,22654
Tom Ford Beauty,Middle East,Riyadh,Airport Duty-Free,Shop-in-Shop,3/5/24,3/25/24,20,LE-V4JKQOXS,Tom Ford Beauty Glow Blush,51.23,2437,4210,95.34,210.5,215678.3,48740
MAC Cosmetics,Latin America,São Paulo,High-Street,Shop-in-Shop,1/28/25,4/10/25,72,LE-GV9SUQ49,MAC Cosmetics Pearl Foundation,55.51,2382,1836,83.3,25.5,101916.36,171504
Charlotte Tilbury,North America,Miami,High-Street,Standalone Pop-Up,6/24/24,8/27/24,64,LE-FA66GVZO,Charlotte Tilbury Lumière Setting Powder,40.54,2273,2756,73.67,43.0625,111728.24,145472
MAC Cosmetics,Latin America,São Paulo,High-Street,Mall Kiosk,6/5/25,7/28/25,53,LE-16LEPG5L,MAC Cosmetics Opulence Primer,80.67,2349,2062,82.91,38.90566038,166341.54,124497
Clé de Peau Beauté,Asia-Pacific,Hong Kong,Art/Design District,Shop-in-Shop,7/19/24,9/22/24,65,LE-7I2CRDBK,Clé de Peau Beauté Lumière Highlighter,45.49,866,3089,67.7,47.52307692,140518.61,56290
Tom Ford Beauty,Asia-Pacific,Seoul,Art/Design District,Shop-in-Shop,11/22/24,2/7/25,77,LE-OP8QO7B6,Tom Ford Beauty Opulence Mascara,72.76,1389,3673,86.22,47.7012987,267247.48,106953
Huda Beauty,Europe,Berlin,High-Street,Mall Kiosk,5/12/25,7/3/25,52,LE-ODVU82RE,Huda Beauty Pearl Primer,61.25,1023,2355,77.93,45.28846154,144243.75,53196
Sisley-Paris,Middle East,Riyadh,Airport Duty-Free,Flash Event,10/8/24,1/3/25,87,LE-P23YUZHI,Sisley-Paris Glow Highlighter,40.17,1753,2702,78.14,31.05747126,108539.34,152511
Hourglass,Asia-Pacific,Seoul,Art/Design District,Flash Event,7/30/24,8/5/24,6,LE-8RAW3NBG,Hourglass Satin Setting Powder,52.45,905,1676,78.14,279.3333333,87906.2,5430
MAC Cosmetics,Asia-Pacific,Shanghai,Art/Design District,Flash Event,10/25/24,12/24/24,60,LE-SECENTXZ,MAC Cosmetics Lumière Fragrance,102.05,463,2109,60.05,35.15,215223.45,27780
Sisley-Paris,Asia-Pacific,Tokyo,Department Store Atrium,Mobile Pop-Up Truck,9/15/24,10/21/24,36,LE-8MHRHKEM,Sisley-Paris Opulence Eyeshadow Palette,128.87,1499,4631,98.11,128.6388889,596796.97,53964
Chanel,North America,New York,Luxury Mall,Mobile Pop-Up Truck,3/26/25,6/4/25,70,LE-LTIK507O,Chanel Velvet Fragrance,289.78,1698,1606,70.81,22.94285714,465386.68,118860
Valentino Beauty,Asia-Pacific,Hong Kong,Art/Design District,Shop-in-Shop,9/18/24,10/30/24,42,LE-Y802G81A,Valentino Beauty Noir Serum,202,1008,3696,83.11,88,746592,42336
MAC Cosmetics,Middle East,Abu Dhabi,Airport Duty-Free,Standalone Pop-Up,6/11/24,9/3/24,84,LE-1ZQ154VN,MAC Cosmetics Lumière Eyeshadow Palette,130.99,2452,1714,69.42,20.4047619,224516.86,205968
Armani Beauty,Middle East,Dubai,High-Street,Shop-in-Shop,9/21/24,12/4/24,74,LE-LYSQ1B11,Armani Beauty Glow Eyeshadow Palette,68.78,1388,2180,79.04,29.45945946,149940.4,102712
MAC Cosmetics,Latin America,Buenos Aires,Airport Duty-Free,Mall Kiosk,3/21/25,6/8/25,79,LE-WZCUTZFQ,MAC Cosmetics Rouge Primer,77.79,2462,3736,81.61,47.29113924,290623.44,194498
Guerlain,North America,Chicago,High-Street,Standalone Pop-Up,12/19/24,1/19/25,31,LE-94B1DJBW,Guerlain Éclat Serum,180.99,1167,374,73.48,12.06451613,67690.26,36177
NARS,Europe,Berlin,Luxury Mall,Flash Event,6/1/24,6/17/24,16,LE-IMUOQ9XH,NARS Pearl Lipstick,71.02,1941,3205,70.25,200.3125,227619.1,31056
Armani Beauty,Latin America,Lima,Department Store Atrium,Standalone Pop-Up,10/15/24,11/5/24,21,LE-MILKVPO9,Armani Beauty Noir Highlighter,62.57,1710,3791,81.39,180.5238095,237202.87,35910
Estée Lauder,North America,Los Angeles,Department Store Atrium,Shop-in-Shop,6/17/24,9/11/24,86,LE-TT0DFA1R,Estée Lauder Mirage Blush,67.48,1676,3657,100,42.52325581,246774.36,144136
Lancôme,Asia-Pacific,Hong Kong,Art/Design District,Shop-in-Shop,8/6/24,10/13/24,68,LE-6M2T2IFE,Lancôme Velvet Highlighter,77.83,826,1588,49.18,23.35294118,123594.04,56168
Chanel,Latin America,Mexico City,Luxury Mall,Shop-in-Shop,4/3/25,6/23/25,81,LE-T2S8WW6I,Chanel Lumière Lipstick,53.45,871,1512,63.11,18.66666667,80816.4,70551
Bobbi Brown,Latin America,Lima,Department Store Atrium,Shop-in-Shop,10/10/24,11/18/24,39,LE-GZU3FXUG,Bobbi Brown Pearl Eyeshadow Palette,123.71,1880,1376,83.5,35.28205128,170224.96,73320
Sisley-Paris,Middle East,Riyadh,Department Store Atrium,Flash Event,1/31/25,4/11/25,70,LE-RBRQRRZN,Sisley-Paris Pearl Foundation,49.69,1098,2891,65.27,41.3,143653.79,76860
Rare Beauty,Europe,Madrid,Art/Design District,Standalone Pop-Up,4/3/24,6/16/24,74,LE-CISG350F,Rare Beauty Rouge Primer,54.74,1221,2049,89.63,27.68918919,112162.26,90354
Valentino Beauty,Asia-Pacific,Tokyo,Airport Duty-Free,Flash Event,4/29/25,7/5/25,67,LE-N7DE6S0C,Valentino Beauty Mirage Eyeshadow Palette,107.58,1103,3914,82.64,58.41791045,421068.12,73901
Hourglass,Asia-Pacific,Tokyo,Department Store Atrium,Standalone Pop-Up,7/16/25,8/9/25,24,LE-CSVV665P,Hourglass Noir Fragrance,363.16,1204,2021,80.1,84.20833333,733946.36,28896
Bobbi Brown,North America,New York,Department Store Atrium,Mobile Pop-Up Truck,2/21/24,4/30/24,69,LE-WE15WCGG,Bobbi Brown Mirage Primer,80.07,1276,1707,69.7,24.73913043,136679.49,88044
Bobbi Brown,Asia-Pacific,Seoul,Luxury Mall,Shop-in-Shop,1/5/25,2/11/25,37,LE-K6XTT4QJ,Bobbi Brown Satin Highlighter,69.21,1200,3568,82.82,96.43243243,246941.28,44400
YSL Beauty,Asia-Pacific,Hong Kong,High-Street,Mall Kiosk,5/24/25,6/29/25,36,LE-P1UZ0XNI,YSL Beauty Satin Primer,53.1,980,162,46.15,4.5,8602.2,35280
YSL Beauty,Latin America,Mexico City,Airport Duty-Free,Flash Event,11/4/24,12/29/24,55,LE-9VN6DNYK,YSL Beauty Velvet Highlighter,88.68,2287,2906,61.78,52.83636364,257704.08,125785
Charlotte Tilbury,Europe,Paris,Luxury Mall,Standalone Pop-Up,8/31/24,10/12/24,42,LE-U6UD8TFX,Charlotte Tilbury Opulence Setting Powder,46.6,1648,3238,65.18,77.0952381,150890.8,69216
Charlotte Tilbury,Latin America,Bogotá,Department Store Atrium,Mall Kiosk,5/22/25,5/27/25,5,LE-AR66S6O1,Charlotte Tilbury Noir Highlighter,35.27,1559,1433,76.59,286.6,50541.91,7795
Guerlain,Middle East,Doha,Art/Design District,Mall Kiosk,4/5/25,4/24/25,19,LE-IBK6S4G9,Guerlain Satin Fragrance,294.31,1078,1176,65.33,61.89473684,346108.56,20482
Valentino Beauty,Europe,Madrid,Art/Design District,Mobile Pop-Up Truck,10/20/24,12/18/24,59,LE-3E3901LR,Valentino Beauty Noir Serum,119.49,822,1678,79.19,28.44067797,200504.22,48498
Clé de Peau Beauté,Middle East,Dubai,Department Store Atrium,Mall Kiosk,12/26/24,3/9/25,73,LE-U2H8M8V4,Clé de Peau Beauté Noir Lipstick,46.06,902,994,61.47,13.61643836,45783.64,65846
Huda Beauty,Latin America,Bogotá,Department Store Atrium,Flash Event,11/12/24,12/31/24,49,LE-RV21X9YV,Huda Beauty Velvet Setting Powder,66.5,1366,3021,72.53,61.65306122,200896.5,66934
Valentino Beauty,Latin America,Lima,High-Street,Standalone Pop-Up,11/22/24,1/25/25,64,LE-2M0ECMBF,Valentino Beauty Velvet Blush,68.08,1173,1885,70.15,29.453125,128330.8,75072
Fenty Beauty,Latin America,São Paulo,High-Street,Standalone Pop-Up,3/22/25,6/14/25,84,LE-D345PXO5,Fenty Beauty Lumière Primer,45.2,2000,1240,52.81,14.76190476,56048,168000
YSL Beauty,North America,Chicago,High-Street,Shop-in-Shop,12/28/24,1/26/25,29,LE-DPH98NW0,YSL Beauty Pearl Fragrance,96.08,1708,2947,63.44,101.6206897,283147.76,49532
Fenty Beauty,Latin America,Bogotá,High-Street,Flash Event,1/10/25,3/24/25,73,LE-NOGXTHER,Fenty Beauty Mirage Eyeshadow Palette,147.16,2145,1138,95.71,15.5890411,167468.08,156585
Clé de Peau Beauté,Middle East,Jeddah,Luxury Mall,Mobile Pop-Up Truck,2/21/24,5/21/24,90,LE-LVPHL8BT,Clé de Peau Beauté Pearl Lipstick,42.97,919,2042,94.67,22.68888889,87744.74,82710
Armani Beauty,Europe,Madrid,Airport Duty-Free,Mall Kiosk,12/25/24,1/9/25,15,LE-8WV0G683,Armani Beauty Glow Serum,98.1,1733,2673,86.17,178.2,262221.3,25995
Tom Ford Beauty,Europe,London,Airport Duty-Free,Standalone Pop-Up,7/1/24,9/2/24,63,LE-2OGVA3GH,Tom Ford Beauty Satin Fragrance,367.85,1474,950,47.81,15.07936508,349457.5,92862
Fenty Beauty,Middle East,Abu Dhabi,Luxury Mall,Mall Kiosk,2/19/25,2/24/25,5,LE-RODFHO3W,Fenty Beauty Lumière Serum,261.36,1071,642,64.91,128.4,167793.12,5355
Chanel,Latin America,Lima,Art/Design District,Flash Event,12/6/24,12/9/24,3,LE-KFFLDY4A,Chanel Glow Mascara,31.2,867,1086,55.75,362,33883.2,2601
Shiseido,Latin America,Bogotá,High-Street,Flash Event,12/31/24,1/22/25,22,LE-XKB5AMAY,Shiseido Satin Foundation,54.77,1365,3944,83.4,179.2727273,216012.88,30030
Guerlain,Middle East,Jeddah,High-Street,Shop-in-Shop,9/19/24,11/22/24,64,LE-VAXADJET,Guerlain Velvet Eyeshadow Palette,129.34,2582,3391,84.92,52.984375,438591.94,165248
Fenty Beauty,Latin America,São Paulo,High-Street,Shop-in-Shop,8/31/24,10/7/24,37,LE-FDDZCQC7,Fenty Beauty Satin Eyeshadow Palette,117.49,1678,1174,84.7,31.72972973,137933.26,62086
Sisley-Paris,North America,New York,High-Street,Shop-in-Shop,7/6/24,9/15/24,71,LE-PA9QJNA7,Sisley-Paris Noir Highlighter,52.31,1539,1761,56.46,24.8028169,92117.91,109269
YSL Beauty,Asia-Pacific,Tokyo,Art/Design District,Mobile Pop-Up Truck,10/2/24,12/15/24,74,LE-M5M1RR2N,YSL Beauty Lumière Mascara,63.07,957,2163,100,29.22972973,136420.41,70818
Lancôme,Europe,Milan,Art/Design District,Shop-in-Shop,4/9/25,5/27/25,48,LE-1YA7A9YQ,Lancôme Satin Foundation,68.92,1049,4437,97.05,92.4375,305798.04,50352
NARS,Asia-Pacific,Singapore,Art/Design District,Mall Kiosk,10/23/24,1/12/25,81,LE-FH7CWYK2,NARS Lumière Lipstick,69.3,932,543,79.5,6.703703704,37629.9,75492
Hourglass,Asia-Pacific,Shanghai,High-Street,Mall Kiosk,12/17/24,3/15/25,88,LE-5F326Q9C,Hourglass Velvet Mascara,42.38,1812,3592,79.57,40.81818182,152228.96,159456
Bobbi Brown,Middle East,Jeddah,Department Store Atrium,Standalone Pop-Up,3/18/24,5/14/24,57,LE-TVJY6N7W,Bobbi Brown Velvet Serum,184.42,1617,1244,81.36,21.8245614,229418.48,92169
Dior,North America,Miami,Art/Design District,Flash Event,2/2/25,2/7/25,5,LE-E8435WZE,Dior Éclat Highlighter,77.24,602,3058,72.24,611.6,236199.92,3010
Huda Beauty,Europe,Paris,Department Store Atrium,Standalone Pop-Up,3/26/24,4/24/24,29,LE-432A6LPO,Huda Beauty Opulence Blush,53.28,1799,1575,68.27,54.31034483,83916,52171
Pat McGrath Labs,Latin America,São Paulo,Airport Duty-Free,Standalone Pop-Up,12/31/24,3/12/25,71,LE-0ZV1FBZ3,Pat McGrath Labs Noir Serum,249.66,1346,3216,84.72,45.29577465,802906.56,95566
Pat McGrath Labs,Asia-Pacific,Singapore,Art/Design District,Standalone Pop-Up,12/6/24,2/25/25,81,LE-8E626QS1,Pat McGrath Labs Satin Eyeshadow Palette,115.02,553,1907,54.22,23.54320988,219343.14,44793
Hourglass,North America,Unknown,Luxury Mall,Standalone Pop-Up,12/20/24,12/31/24,11,LE-MJINSCZ5,Hourglass Opulence Foundation,55.11,1228,3507,77.35,318.8181818,193270.77,13508
Hourglass,North America,Miami,Art/Design District,Shop-in-Shop,11/17/24,1/20/25,64,LE-NSRYXQ8L,Hourglass Rouge Mascara,34.51,876,841,72.13,13.140625,29022.91,56064
Bobbi Brown,Asia-Pacific,Tokyo,Luxury Mall,Shop-in-Shop,4/13/24,6/20/24,68,LE-Y00B8XAW,Bobbi Brown Velvet Blush,57.99,1201,2377,84.38,34.95588235,137842.23,81668
Shiseido,North America,Chicago,Luxury Mall,Mall Kiosk,5/5/24,5/24/24,19,LE-ERDXOCQL,Shiseido Glow Lipstick,73.19,1479,990,60.37,52.10526316,72458.1,28101
Estée Lauder,Asia-Pacific,Singapore,High-Street,Flash Event,4/11/25,4/27/25,16,LE-DHMNBBBR,Estée Lauder Rouge Eyeshadow Palette,91.11,2441,518,63.71,32.375,47194.98,39056
Valentino Beauty,North America,Toronto,High-Street,Mall Kiosk,12/7/24,1/26/25,50,LE-H4267ZH0,Valentino Beauty Éclat Highlighter,88.24,1620,1068,44.7,21.36,94240.32,81000
Valentino Beauty,Latin America,Lima,High-Street,Mobile Pop-Up Truck,5/12/25,5/27/25,15,LE-FAQ7NN4X,Valentino Beauty Velvet Primer,49.93,1994,966,75.41,64.4,48232.38,29910
YSL Beauty,Asia-Pacific,Singapore,Department Store Atrium,Standalone Pop-Up,3/15/24,5/11/24,57,LE-XUHTU8YS,YSL Beauty Éclat Setting Powder,73.66,520,1864,84.77,32.70175439,137302.24,29640
Huda Beauty,North America,New York,Airport Duty-Free,Shop-in-Shop,7/11/24,7/14/24,3,LE-JINW0DIM,Huda Beauty Velvet Eyeshadow Palette,59.7,1007,1230,79.56,410,73431,3021
Fenty Beauty,Middle East,Doha,Luxury Mall,Flash Event,6/19/25,7/28/25,39,LE-B2TCG15E,Fenty Beauty Rouge Setting Powder,76.14,1315,1155,75.84,29.61538462,87941.7,51285
Shiseido,Europe,Milan,Art/Design District,Standalone Pop-Up,1/4/25,2/4/25,31,LE-DBO6MO8G,Shiseido Glow Mascara,60.92,1001,2846,73.85,91.80645161,173378.32,31031
Charlotte Tilbury,Asia-Pacific,Hong Kong,Art/Design District,Flash Event,4/11/24,4/21/24,10,LE-VAGSC9AV,Charlotte Tilbury Opulence Highlighter,66.58,1070,3632,90.94,363.2,241818.56,10700
Bobbi Brown,Latin America,São Paulo,Airport Duty-Free,Standalone Pop-Up,12/23/24,3/15/25,82,LE-LLYIKDH8,Bobbi Brown Opulence Fragrance,315.45,1771,3900,88.5,47.56097561,1230255,145222
Chanel,Europe,Berlin,Airport Duty-Free,Flash Event,4/26/24,7/9/24,74,LE-2MZJSPNN,Chanel Opulence Setting Powder,59.25,2202,756,72.55,10.21621622,44793,162948
YSL Beauty,Europe,Madrid,Department Store Atrium,Flash Event,6/2/24,7/31/24,59,LE-843PZ73F,YSL Beauty Satin Lipstick,45,1356,1208,51.54,20.47457627,54360,80004
Estée Lauder,Latin America,Bogotá,Department Store Atrium,Standalone Pop-Up,12/12/24,3/3/25,81,LE-QB2PS7Y8,Estée Lauder Opulence Lipstick,69.74,1148,1202,50.91,14.83950617,83827.48,92988
Rare Beauty,Asia-Pacific,Hong Kong,Airport Duty-Free,Flash Event,6/8/24,8/26/24,79,LE-5E7L9N9D,Rare Beauty Glow Fragrance,385.9,932,599,62.85,7.582278481,231154.1,73628
Lancôme,Europe,Paris,Luxury Mall,Mobile Pop-Up Truck,5/5/24,7/10/24,66,LE-SM2590P8,Lancôme Lumière Eyeshadow Palette,84.12,1416,2301,85.83,34.86363636,193560.12,93456
Estée Lauder,Asia-Pacific,Shanghai,Airport Duty-Free,Shop-in-Shop,9/11/24,10/20/24,39,LE-RK239SIC,Estée Lauder Éclat Setting Powder,55.34,904,2327,57.5,59.66666667,128776.18,35256
Lancôme,Europe,London,Luxury Mall,Shop-in-Shop,3/4/25,4/15/25,42,LE-7N5GAFYB,Lancôme Noir Serum,229.69,1423,1256,76.77,29.9047619,288490.64,59766
Fenty Beauty,North America,Toronto,Luxury Mall,Standalone Pop-Up,8/3/24,10/13/24,71,LE-QDFUBI6X,Fenty Beauty Mirage Foundation,66.07,755,746,74.16,10.50704225,49288.22,53605
Lancôme,Middle East,Dubai,High-Street,Standalone Pop-Up,8/24/24,9/26/24,33,LE-F8OP6K3C,Lancôme Rouge Foundation,66.37,1501,746,97.9,22.60606061,49512.02,49533
La Prairie,Asia-Pacific,Singapore,High-Street,Flash Event,4/21/25,7/2/25,72,LE-SZ6X75G2,La Prairie Mirage Eyeshadow Palette,148.53,1352,1956,45.83,27.16666667,290524.68,97344
Tom Ford Beauty,Middle East,Jeddah,Art/Design District,Flash Event,12/18/24,2/10/25,54,LE-I7CJ0TIT,Tom Ford Beauty Lumière Mascara,40.89,609,1831,64.7,33.90740741,74869.59,32886
Rare Beauty,Europe,Milan,Department Store Atrium,Shop-in-Shop,5/18/24,7/2/24,45,LE-NAM1NJSK,Rare Beauty Opulence Serum,80.74,1874,2513,100,55.84444444,202899.62,84330
La Prairie,Middle East,Jeddah,Department Store Atrium,Mall Kiosk,6/4/24,8/24/24,81,LE-LPJW9I49,La Prairie Pearl Setting Powder,81.83,654,3783,78.29,46.7037037,309562.89,52974
Armani Beauty,Europe,Paris,Luxury Mall,Flash Event,3/17/25,4/16/25,30,LE-35USI079,Armani Beauty Pearl Highlighter,63.56,1311,739,65.69,24.63333333,46970.84,39330
Estée Lauder,Latin America,Lima,High-Street,Mobile Pop-Up Truck,6/11/24,7/18/24,37,LE-4NK93I5G,Estée Lauder Rouge Highlighter,54.54,2350,1458,60.02,39.40540541,79519.32,86950
Rare Beauty,Latin America,Bogotá,Luxury Mall,Standalone Pop-Up,8/27/24,11/10/24,75,LE-HVOL7VRW,Rare Beauty Éclat Setting Powder,68.09,1329,2975,62.4,39.66666667,202567.75,99675
Clé de Peau Beauté,Middle East,Riyadh,Airport Duty-Free,Mobile Pop-Up Truck,3/29/24,6/17/24,80,LE-UG9CPTHD,Clé de Peau Beauté Glow Serum,166.72,1499,881,98.77,11.0125,146880.32,119920
Fenty Beauty,Europe,Milan,High-Street,Flash Event,7/29/24,8/19/24,21,LE-XI9VPGFO,Fenty Beauty Satin Highlighter,64.3,1427,934,66.86,44.47619048,60056.2,29967
Chanel,Latin America,São Paulo,High-Street,Mall Kiosk,5/29/24,8/25/24,88,LE-6PEABDUM,Chanel Opulence Blush,64.13,902,2507,53.25,28.48863636,160773.91,79376
Chanel,Asia-Pacific,Hong Kong,Department Store Atrium,Mall Kiosk,4/13/24,4/23/24,10,LE-PG6LH6IQ,Chanel Pearl Lipstick,40.46,607,242,53.9,24.2,9791.32,6070
Hourglass,Europe,Paris,Airport Duty-Free,Shop-in-Shop,8/23/24,8/26/24,3,LE-4GV3EBSR,Hourglass Lumière Blush,45.84,1081,1829,71.31,609.6666667,83841.36,3243
Estée Lauder,Middle East,Riyadh,High-Street,Mall Kiosk,7/12/24,9/26/24,76,LE-UAK9M57Z,Estée Lauder Noir Fragrance,246.76,1563,4834,100,63.60526316,1192837.84,118788
Rare Beauty,Asia-Pacific,Singapore,Department Store Atrium,Flash Event,9/21/24,11/8/24,48,LE-ODOQMFE9,Rare Beauty Satin Blush,65.58,881,3622,91.93,75.45833333,237530.76,42288
Shiseido,Latin America,Buenos Aires,High-Street,Flash Event,6/2/24,6/7/24,5,LE-OXI2AZP9,Shiseido Mirage Lipstick,38.55,2294,1996,88.63,399.2,76945.8,11470
Lancôme,Asia-Pacific,Unknown,High-Street,Standalone Pop-Up,10/8/24,12/31/24,84,LE-ZD75C2TS,Lancôme Éclat Mascara,50.54,1662,2441,59.1,29.05952381,123368.14,139608
MAC Cosmetics,Latin America,São Paulo,Airport Duty-Free,Flash Event,4/4/25,4/21/25,17,LE-FLAW4KKH,MAC Cosmetics Pearl Blush,44.61,1445,2730,92.01,160.5882353,121785.3,24565
Huda Beauty,Middle East,Jeddah,Department Store Atrium,Mall Kiosk,3/25/24,4/4/24,10,LE-RM8PON89,Huda Beauty Éclat Blush,51.73,1041,1551,42.87,155.1,80233.23,10410
Clé de Peau Beauté,Middle East,Riyadh,High-Street,Mall Kiosk,2/11/25,4/22/25,70,LE-8MREBUE5,Clé de Peau Beauté Satin Fragrance,379.11,2815,1858,65.26,26.54285714,704386.38,197050
Lancôme,Asia-Pacific,Seoul,Luxury Mall,Mobile Pop-Up Truck,4/3/25,4/28/25,25,LE-ACCEK8TF,Lancôme Noir Primer,51.73,1114,1959,72.21,78.36,101339.07,27850
Lancôme,Latin America,Bogotá,Luxury Mall,Shop-in-Shop,2/1/25,3/5/25,32,LE-K0Y4K1NY,Lancôme Éclat Foundation,119.77,1215,2500,68.79,78.125,299425,38880
Hourglass,Asia-Pacific,Tokyo,Luxury Mall,Flash Event,9/13/24,11/10/24,58,LE-PKUHE9N8,Hourglass Velvet Lipstick,79.14,1425,1380,54.05,23.79310345,109213.2,82650
Estée Lauder,Latin America,São Paulo,Department Store Atrium,Mall Kiosk,5/11/24,6/10/24,30,LE-QNX7CUR6,Estée Lauder Mirage Fragrance,391.4,1137,1334,53.81,44.46666667,522127.6,34110
La Prairie,Latin America,Mexico City,Luxury Mall,Shop-in-Shop,8/27/24,9/15/24,19,LE-UDQD3SU3,La Prairie Velvet Highlighter,64.59,2111,3260,69.2,171.5789474,210563.4,40109
MAC Cosmetics,North America,Chicago,Art/Design District,Shop-in-Shop,3/11/24,3/29/24,18,LE-YZMO456S,MAC Cosmetics Velvet Fragrance,164.56,576,3319,67.87,184.3888889,546174.64,10368
Lancôme,Latin America,São Paulo,High-Street,Standalone Pop-Up,8/12/24,10/18/24,67,LE-SYW7CN97,Lancôme Éclat Mascara,47.71,2506,2040,50.97,30.44776119,97328.4,167902
Valentino Beauty,Asia-Pacific,Shanghai,Luxury Mall,Mobile Pop-Up Truck,4/20/24,6/21/24,62,LE-O875CHCE,Valentino Beauty Lumière Mascara,40.95,736,1836,92.82,29.61290323,75184.2,45632
Estée Lauder,Middle East,Riyadh,Luxury Mall,Flash Event,2/24/24,3/29/24,34,LE-EJFBWPED,Estée Lauder Opulence Serum,291.54,1331,3764,86.37,110.7058824,1097356.56,45254
Hermès Beauty,Europe,Berlin,High-Street,Flash Event,8/13/24,10/3/24,51,LE-N1WFJEGR,Hermès Beauty Pearl Foundation,103.07,1980,4348,97.51,85.25490196,448148.36,100980
Tom Ford Beauty,Asia-Pacific,Tokyo,Airport Duty-Free,Flash Event,12/10/24,2/10/25,62,LE-LKNU460T,Tom Ford Beauty Rouge Blush,38.17,2329,1510,59.83,24.35483871,57636.7,144398
Estée Lauder,Latin America,Lima,Luxury Mall,Mobile Pop-Up Truck,8/25/24,10/12/24,48,LE-FVWVOTBI,Estée Lauder Éclat Primer,76.22,1266,1534,55.5,31.95833333,116921.48,60768
Tom Ford Beauty,Latin America,Buenos Aires,Airport Duty-Free,Flash Event,9/21/24,9/27/24,6,LE-T1PD0CNK,Tom Ford Beauty Opulence Fragrance,310.88,2232,1395,63.55,232.5,433677.6,13392
YSL Beauty,North America,Toronto,Department Store Atrium,Shop-in-Shop,6/9/24,7/2/24,23,LE-5ZZZLRNR,YSL Beauty Pearl Foundation,62.14,929,3298,69.34,143.3913043,204937.72,21367
Clé de Peau Beauté,Asia-Pacific,Shanghai,Luxury Mall,Mobile Pop-Up Truck,4/6/25,5/7/25,31,LE-ER3XFHBO,Clé de Peau Beauté Mirage Eyeshadow Palette,102.86,1469,1271,68.11,41,130735.06,45539
YSL Beauty,North America,Chicago,Airport Duty-Free,Mall Kiosk,7/2/24,8/17/24,46,LE-5ODNYHIA,YSL Beauty Éclat Lipstick,53.78,2223,901,69.15,19.58695652,48455.78,102258
Valentino Beauty,Europe,Berlin,High-Street,Mall Kiosk,12/7/24,1/25/25,49,LE-44MES5ZN,Valentino Beauty Mirage Lipstick,66.18,2136,1344,61.51,27.42857143,88945.92,104664
Bobbi Brown,Latin America,Mexico City,Luxury Mall,Mall Kiosk,4/5/25,6/5/25,61,LE-WP122ZPA,Bobbi Brown Pearl Highlighter,51.43,790,818,44.03,13.40983607,42069.74,48190
Givenchy Beauty,Middle East,Riyadh,Luxury Mall,Flash Event,1/4/25,3/3/25,58,LE-0JUCM46Y,Givenchy Beauty Opulence Eyeshadow Palette,97.96,787,1154,88.91,19.89655172,113045.84,45646
Bobbi Brown,North America,Los Angeles,High-Street,Flash Event,8/3/24,10/31/24,89,LE-ZWEQCG8C,Bobbi Brown Éclat Primer,49.69,1045,1234,70.72,13.86516854,61317.46,93005
Shiseido,North America,Miami,Airport Duty-Free,Shop-in-Shop,5/11/25,7/25/25,75,LE-FY3XSR9S,Shiseido Lumière Highlighter,65.75,1061,2858,73.98,38.10666667,187913.5,79575
Armani Beauty,Latin America,Bogotá,Art/Design District,Standalone Pop-Up,4/6/24,6/14/24,69,LE-OVSQWV0L,Armani Beauty Satin Setting Powder,75.8,1146,4042,87.21,58.57971014,306383.6,79074
MAC Cosmetics,Asia-Pacific,Hong Kong,Luxury Mall,Standalone Pop-Up,9/16/24,11/18/24,63,LE-HG3ERQYE,MAC Cosmetics Glow Eyeshadow Palette,127.29,2011,3535,90.09,56.11111111,449970.15,126693
MAC Cosmetics,Asia-Pacific,Shanghai,Airport Duty-Free,Flash Event,6/4/25,7/21/25,47,LE-AKN70OEK,MAC Cosmetics Satin Primer,68.97,1826,4319,98.88,91.89361702,297881.43,85822
Huda Beauty,Middle East,Abu Dhabi,Art/Design District,Shop-in-Shop,2/9/25,4/6/25,56,LE-PORULQP2,Huda Beauty Éclat Blush,54.8,582,1987,76.63,35.48214286,108887.6,32592
Clé de Peau Beauté,Europe,Berlin,Luxury Mall,Flash Event,4/5/24,5/25/24,50,LE-6WK2XZR9,Clé de Peau Beauté Rouge Highlighter,70.14,1635,3342,76.3,66.84,234407.88,81750
Estée Lauder,Middle East,Dubai,Department Store Atrium,Standalone Pop-Up,2/15/25,3/11/25,24,LE-W8VBOE2M,Estée Lauder Velvet Highlighter,42.03,1421,3436,80.94,143.1666667,144415.08,34104
Lancôme,Middle East,Dubai,Airport Duty-Free,Shop-in-Shop,6/21/24,7/27/24,36,LE-GDH7A7SY,Lancôme Mirage Setting Powder,70.69,1873,637,86.08,17.69444444,45029.53,67428
Charlotte Tilbury,Middle East,Riyadh,Department Store Atrium,Flash Event,8/14/24,9/5/24,22,LE-HJWD23J4,Charlotte Tilbury Rouge Primer,71.39,689,1179,53.08,53.59090909,84168.81,15158
Shiseido,Asia-Pacific,Tokyo,Luxury Mall,Mall Kiosk,12/30/24,1/21/25,22,LE-XL6E9W8C,Shiseido Velvet Foundation,96.98,1054,376,88.89,17.09090909,36464.48,23188
Huda Beauty,North America,Toronto,Art/Design District,Standalone Pop-Up,5/17/25,5/29/25,12,LE-9E9SCTV9,Huda Beauty Lumière Serum,231.86,1169,519,39.5,43.25,120335.34,14028
Pat McGrath Labs,Europe,London,Department Store Atrium,Shop-in-Shop,4/17/25,5/6/25,19,LE-T6XDDIMH,Pat McGrath Labs Pearl Eyeshadow Palette,109.14,1262,2654,74.74,139.6842105,289657.56,23978
Hourglass,Asia-Pacific,Hong Kong,Luxury Mall,Mall Kiosk,4/10/25,4/25/25,15,LE-9SC4WLHH,Hourglass Satin Primer,47.66,2069,1249,79.5,83.26666667,59527.34,31035
Hourglass,Latin America,Bogotá,Art/Design District,Mall Kiosk,10/7/24,11/28/24,52,LE-XBP4MKXM,Hourglass Noir Setting Powder,84.25,666,3219,71.87,61.90384615,271200.75,34632
Bobbi Brown,Latin America,São Paulo,High-Street,Shop-in-Shop,2/14/25,3/20/25,34,LE-F7JJF7YU,Bobbi Brown Glow Serum,208.7,1286,1611,40.64,47.38235294,336215.7,43724
Huda Beauty,Latin America,Unknown,High-Street,Shop-in-Shop,5/7/24,7/10/24,64,LE-L1JCULF4,Huda Beauty Noir Eyeshadow Palette,67.79,1584,2094,82.64,32.71875,141952.26,101376
NARS,Asia-Pacific,Unknown,Airport Duty-Free,Mall Kiosk,5/10/24,7/25/24,76,LE-692CS008,NARS Satin Blush,68.47,1834,3087,72.33,40.61842105,211366.89,139384
Dior,Latin America,São Paulo,Art/Design District,Flash Event,4/1/25,5/28/25,57,LE-AZK5MEYK,Dior Lumière Primer,41.67,1067,2476,99.08,43.43859649,103174.92,60819
Hourglass,Asia-Pacific,Seoul,Department Store Atrium,Flash Event,11/8/24,1/19/25,72,LE-CNGS4VJA,Hourglass Éclat Fragrance,358.15,1285,725,96.03,10.06944444,259658.75,92520
Pat McGrath Labs,Middle East,Jeddah,Department Store Atrium,Flash Event,4/5/24,7/4/24,90,LE-DD4A8Z33,Pat McGrath Labs Pearl Mascara,70.42,1852,4787,98.68,53.18888889,337100.54,166680
Sisley-Paris,North America,Chicago,Art/Design District,Mall Kiosk,3/18/25,6/4/25,78,LE-03N28MA3,Sisley-Paris Éclat Lipstick,78.69,625,3070,80.94,39.35897436,241578.3,48750
Pat McGrath Labs,Europe,London,Department Store Atrium,Flash Event,6/9/24,6/20/24,11,LE-OPZHF73P,Pat McGrath Labs Rouge Serum,103.91,1072,1973,85.89,179.3636364,205014.43,11792
Hourglass,Europe,Milan,High-Street,Shop-in-Shop,5/8/24,7/6/24,59,LE-0EQJHVX4,Hourglass Lumière Primer,75.55,1870,2265,66.48,38.38983051,171120.75,110330
Estée Lauder,Asia-Pacific,Tokyo,Department Store Atrium,Mall Kiosk,2/29/24,3/12/24,12,LE-QOJK5WMF,Estée Lauder Velvet Blush,51.37,560,1505,72.78,125.4166667,77311.85,6720
Huda Beauty,Latin America,Mexico City,Luxury Mall,Flash Event,9/15/24,11/27/24,73,LE-WT0U6WN1,Huda Beauty Éclat Mascara,61.08,696,945,79.41,12.94520548,57720.6,50808
Sisley-Paris,North America,Miami,Luxury Mall,Mall Kiosk,1/15/25,4/15/25,90,LE-1XP34SOX,Sisley-Paris Éclat Serum,132.38,1288,991,56.6,11.01111111,131188.58,115920
Chanel,Asia-Pacific,Singapore,Luxury Mall,Flash Event,11/26/24,2/18/25,84,LE-V8LC2CSL,Chanel Rouge Setting Powder,45.36,1483,534,77.28,6.357142857,24222.24,124572
La Prairie,Latin America,Lima,Art/Design District,Standalone Pop-Up,6/26/24,8/9/24,44,LE-L4SZ6WHC,La Prairie Éclat Serum,287.41,615,1960,84.78,44.54545455,563323.6,27060
Hermès Beauty,Latin America,Lima,Department Store Atrium,Standalone Pop-Up,5/22/25,7/24/25,63,LE-H9T01DQC,Hermès Beauty Opulence Fragrance,329.34,1621,827,50.83,13.12698413,272364.18,102123
Rare Beauty,Asia-Pacific,Shanghai,Department Store Atrium,Mobile Pop-Up Truck,5/16/24,6/30/24,45,LE-MC3CNUV4,Rare Beauty Pearl Primer,35.71,1217,2032,75.4,45.15555556,72562.72,54765
Bobbi Brown,Europe,Paris,Department Store Atrium,Shop-in-Shop,6/27/24,8/2/24,36,LE-WU6S975H,Bobbi Brown Noir Foundation,65.8,853,515,83.06,14.30555556,33887,30708
Hermès Beauty,Latin America,Mexico City,High-Street,Mall Kiosk,5/7/24,6/28/24,52,LE-QW3BETZK,Hermès Beauty Velvet Highlighter,73.71,1191,1104,47.24,21.23076923,81375.84,61932
Fenty Beauty,Europe,Paris,High-Street,Standalone Pop-Up,2/19/24,2/24/24,5,LE-GORHC6LK,Fenty Beauty Mirage Lipstick,56.45,1783,2795,59.93,559,157777.75,8915
Givenchy Beauty,Latin America,Lima,Department Store Atrium,Flash Event,6/11/25,6/20/25,9,LE-RYZ0IPYS,Givenchy Beauty Lumière Primer,81.72,805,232,80.28,25.77777778,18959.04,7245
Rare Beauty,Latin America,São Paulo,Luxury Mall,Standalone Pop-Up,1/22/25,4/12/25,80,LE-ONY0QB7B,Rare Beauty Opulence Eyeshadow Palette,108.78,1931,3243,92.26,40.5375,352773.54,154480
Hourglass,Europe,Paris,Art/Design District,Flash Event,6/2/24,8/2/24,61,LE-JOA6RX46,Hourglass Rouge Serum,229.98,952,1477,56.16,24.21311475,339680.46,58072
Chanel,Asia-Pacific,Seoul,High-Street,Flash Event,1/16/25,1/27/25,11,LE-J1EPF3IT,Chanel Satin Eyeshadow Palette,129.93,1032,1340,56.61,121.8181818,174106.2,11352
YSL Beauty,Europe,London,Department Store Atrium,Shop-in-Shop,8/7/24,10/27/24,81,LE-17NHD4K2,YSL Beauty Rouge Serum,198.85,1648,1645,78.97,20.30864198,327108.25,133488
Estée Lauder,Europe,Madrid,Airport Duty-Free,Mall Kiosk,8/19/24,9/1/24,13,LE-UU7F4W1O,Estée Lauder Éclat Primer,41.97,1072,2576,61.22,198.1538462,108114.72,13936
Valentino Beauty,North America,Chicago,Art/Design District,Mobile Pop-Up Truck,6/7/24,8/28/24,82,LE-EXFIWFL1,Valentino Beauty Rouge Eyeshadow Palette,71.47,1211,2277,71.09,27.76829268,162737.19,99302
Shiseido,Middle East,Dubai,Luxury Mall,Flash Event,4/15/24,5/23/24,38,LE-SET7065J,Shiseido Glow Highlighter,42.92,1919,2181,93.44,57.39473684,93608.52,72922
Charlotte Tilbury,Europe,Milan,Department Store Atrium,Flash Event,3/20/24,5/19/24,60,LE-G6CYWIIE,Charlotte Tilbury Pearl Primer,41.58,640,2488,73.03,41.46666667,103451.04,38400
Huda Beauty,Middle East,Riyadh,Airport Duty-Free,Flash Event,6/5/24,8/25/24,81,LE-O580CBUV,Huda Beauty Glow Foundation,51.97,1994,1323,49.96,16.33333333,68756.31,161514
Huda Beauty,North America,New York,Department Store Atrium,Flash Event,6/22/24,8/5/24,44,LE-8H6KSAMT,Huda Beauty Satin Foundation,113.86,1850,1141,59.46,25.93181818,129914.26,81400
Charlotte Tilbury,Latin America,Lima,Department Store Atrium,Mall Kiosk,3/28/24,4/6/24,9,LE-XLX8SH7C,Charlotte Tilbury Velvet Mascara,60.78,595,1588,93.19,176.4444444,96518.64,5355
Estée Lauder,Asia-Pacific,Seoul,Luxury Mall,Standalone Pop-Up,4/27/24,7/10/24,74,LE-APOLUZT2,Estée Lauder Éclat Eyeshadow Palette,70.82,1803,1358,65.79,18.35135135,96173.56,133422
Bobbi Brown,Latin America,Bogotá,Art/Design District,Mall Kiosk,11/3/24,12/8/24,35,LE-WRNC55IA,Bobbi Brown Opulence Mascara,56.32,985,1322,80.22,37.77142857,74455.04,34475
Tom Ford Beauty,Europe,Madrid,Art/Design District,Standalone Pop-Up,1/16/25,2/17/25,32,LE-D5IY54XY,Tom Ford Beauty Velvet Fragrance,208.77,526,2483,58.22,77.59375,518375.91,16832
YSL Beauty,North America,Los Angeles,Airport Duty-Free,Mobile Pop-Up Truck,3/19/24,6/11/24,84,LE-IW3O8A8C,YSL Beauty Opulence Fragrance,96.47,1458,3219,81.19,38.32142857,310536.93,122472
MAC Cosmetics,North America,Miami,Department Store Atrium,Standalone Pop-Up,9/20/24,10/27/24,37,LE-FX9PDI7W,MAC Cosmetics Pearl Foundation,57.82,1695,442,69.94,11.94594595,25556.44,62715
Pat McGrath Labs,Europe,London,High-Street,Standalone Pop-Up,5/22/25,6/7/25,16,LE-WE5HE83C,Pat McGrath Labs Rouge Foundation,95.57,1639,218,51.29,13.625,20834.26,26224
Estée Lauder,Europe,Paris,Department Store Atrium,Standalone Pop-Up,2/19/24,5/19/24,90,LE-0YDHOELP,Estée Lauder Velvet Primer,82.96,1550,1827,55.94,20.3,151567.92,139500
Huda Beauty,Latin America,Buenos Aires,Airport Duty-Free,Standalone Pop-Up,11/14/24,11/24/24,10,LE-ARD3E4GN,Huda Beauty Satin Lipstick,73.72,1377,1573,69.36,157.3,115961.56,13770
Estée Lauder,Latin America,São Paulo,Airport Duty-Free,Flash Event,9/3/24,10/25/24,52,LE-A0RMRFL2,Estée Lauder Satin Setting Powder,43.05,2472,1149,73.42,22.09615385,49464.45,128544
Givenchy Beauty,Middle East,Dubai,Airport Duty-Free,Flash Event,4/3/24,4/9/24,6,LE-O5VT3JJI,Givenchy Beauty Satin Setting Powder,56.9,1622,1608,60.75,268,91495.2,9732
Rare Beauty,Latin America,São Paulo,Airport Duty-Free,Shop-in-Shop,6/1/25,6/20/25,19,LE-K55JL2LR,Rare Beauty Éclat Fragrance,342.12,1014,4090,88.93,215.2631579,1399270.8,19266
Givenchy Beauty,Latin America,Mexico City,Department Store Atrium,Shop-in-Shop,2/5/25,2/16/25,11,LE-Z1L50XOL,Givenchy Beauty Glow Primer,35.08,851,954,53.78,86.72727273,33466.32,9361
Clé de Peau Beauté,Asia-Pacific,Seoul,Luxury Mall,Mall Kiosk,5/9/25,5/24/25,15,LE-24GIJCSH,Clé de Peau Beauté Velvet Mascara,71.78,2032,1071,54.67,71.4,76876.38,30480
Lancôme,Asia-Pacific,Hong Kong,Department Store Atrium,Mobile Pop-Up Truck,12/8/24,2/12/25,66,LE-CHLX64LG,Lancôme Opulence Mascara,34.45,1126,1507,92.06,22.83333333,51916.15,74316
Pat McGrath Labs,Latin America,São Paulo,Airport Duty-Free,Mall Kiosk,4/11/25,6/4/25,54,LE-8S0KIREI,Pat McGrath Labs Rouge Foundation,118.33,1932,1426,57.41,26.40740741,168738.58,104328
Shiseido,North America,Unknown,High-Street,Mall Kiosk,7/16/25,7/21/25,5,LE-Z7RJRQ3N,Shiseido Velvet Mascara,71.54,1636,479,83.45,95.8,34267.66,8180
Charlotte Tilbury,Asia-Pacific,Tokyo,High-Street,Flash Event,5/16/24,7/15/24,60,LE-XWZKYWF9,Charlotte Tilbury Mirage Foundation,50.57,1607,2540,90.42,42.33333333,128447.8,96420
Sisley-Paris,Asia-Pacific,Seoul,High-Street,Shop-in-Shop,7/12/25,8/8/25,27,LE-NBR0BESG,Sisley-Paris Noir Fragrance,152.01,2310,1996,69.14,73.92592593,303411.96,62370
Tom Ford Beauty,Europe,Madrid,Art/Design District,Flash Event,6/4/24,7/27/24,53,LE-S5RCD8C1,Tom Ford Beauty Satin Foundation,79.1,1056,2744,61.36,51.77358491,217050.4,55968
Sisley-Paris,North America,Los Angeles,Department Store Atrium,Mall Kiosk,7/29/24,9/17/24,50,LE-SA4B6GXM,Sisley-Paris Noir Eyeshadow Palette,137.57,716,4242,90.84,84.84,583571.94,35800
Armani Beauty,Asia-Pacific,Singapore,Department Store Atrium,Standalone Pop-Up,4/5/25,7/2/25,88,LE-VSCPN1YR,Armani Beauty Éclat Primer,79.23,1667,3323,95.93,37.76136364,263281.29,146696
Guerlain,Europe,Paris,Art/Design District,Flash Event,3/31/24,5/15/24,45,LE-3CKXG638,Guerlain Pearl Blush,63.21,861,1347,58.36,29.93333333,85143.87,38745
Huda Beauty,Asia-Pacific,Singapore,High-Street,Standalone Pop-Up,1/27/25,4/23/25,86,LE-6DP3NEH2,Huda Beauty Opulence Eyeshadow Palette,142.88,3048,528,82.76,6.139534884,75440.64,262128
Chanel,Latin America,Mexico City,High-Street,Mobile Pop-Up Truck,2/5/25,3/10/25,33,LE-II5CL56E,Chanel Lumière Setting Powder,80.84,1469,3824,88.52,115.8787879,309132.16,48477
Guerlain,Middle East,Jeddah,Airport Duty-Free,Shop-in-Shop,9/26/24,10/14/24,18,LE-SYLKSLIO,Guerlain Opulence Fragrance,146.9,1814,141,65.28,7.833333333,20712.9,32652
Hermès Beauty,Latin America,Bogotá,High-Street,Flash Event,4/13/25,6/14/25,62,LE-I34BH206,Hermès Beauty Éclat Serum,231.77,1103,1852,56.55,29.87096774,429238.04,68386
YSL Beauty,Europe,London,Department Store Atrium,Standalone Pop-Up,1/26/25,2/23/25,28,LE-HBI4RBCT,YSL Beauty Mirage Foundation,63.37,1751,760,79,27.14285714,48161.2,49028
NARS,North America,Chicago,High-Street,Standalone Pop-Up,3/21/25,4/27/25,37,LE-XXPIOJ0F,NARS Éclat Setting Powder,49.64,2434,1287,45.62,34.78378378,63886.68,90058
Bobbi Brown,Middle East,Dubai,Luxury Mall,Mall Kiosk,1/29/25,2/12/25,14,LE-GSNK7D64,Bobbi Brown Pearl Lipstick,74.13,704,877,53.64,62.64285714,65012.01,9856
Lancôme,Middle East,Doha,Department Store Atrium,Mall Kiosk,4/3/24,4/20/24,17,LE-2SIL2H0L,Lancôme Mirage Setting Powder,60.2,1229,3569,84.47,209.9411765,214853.8,20893
Sisley-Paris,North America,New York,Luxury Mall,Shop-in-Shop,8/14/24,10/2/24,49,LE-5461X549,Sisley-Paris Lumière Primer,51.77,1785,1231,77.42,25.12244898,63728.87,87465
Valentino Beauty,Latin America,São Paulo,High-Street,Mall Kiosk,11/2/24,12/27/24,55,LE-NNVLLWWN,Valentino Beauty Opulence Fragrance,356.25,2046,2459,73.71,44.70909091,876018.75,112530
MAC Cosmetics,Latin America,Buenos Aires,Department Store Atrium,Mobile Pop-Up Truck,7/14/24,8/19/24,36,LE-6438AI2M,MAC Cosmetics Lumière Primer,42.32,1053,1989,46.58,55.25,84174.48,37908
Valentino Beauty,Asia-Pacific,Seoul,Art/Design District,Mobile Pop-Up Truck,5/14/25,7/21/25,68,LE-AS66KX0I,Valentino Beauty Rouge Primer,82.27,901,1376,82.44,20.23529412,113203.52,61268
NARS,North America,Los Angeles,Luxury Mall,Flash Event,5/11/25,7/21/25,71,LE-DNU40ELC,NARS Rouge Serum,250.38,960,2888,70.99,40.67605634,723097.44,68160
Sisley-Paris,Latin America,Mexico City,Department Store Atrium,Standalone Pop-Up,12/4/24,12/8/24,4,LE-B2UFOWWJ,Sisley-Paris Opulence Setting Powder,70.75,1581,1294,96.28,323.5,91550.5,6324
Guerlain,Asia-Pacific,Seoul,Department Store Atrium,Mobile Pop-Up Truck,1/15/25,3/1/25,45,LE-CPOERKML,Guerlain Éclat Eyeshadow Palette,67.1,1255,904,83.32,20.08888889,60658.4,56475
Charlotte Tilbury,Asia-Pacific,Hong Kong,Department Store Atrium,Mall Kiosk,6/14/24,7/23/24,39,LE-SW4B1QHK,Charlotte Tilbury Pearl Lipstick,38.74,1485,2930,60.61,75.12820513,113508.2,57915
Pat McGrath Labs,Latin America,Buenos Aires,Airport Duty-Free,Mobile Pop-Up Truck,6/29/24,9/14/24,77,LE-VAKLJUVV,Pat McGrath Labs Lumière Foundation,105.14,1612,1156,83.41,15.01298701,121541.84,124124
Estée Lauder,Middle East,Dubai,Luxury Mall,Standalone Pop-Up,3/16/25,5/22/25,67,LE-TPJVMKU0,Estée Lauder Opulence Blush,44.16,1202,2602,90.88,38.8358209,114904.32,80534
Guerlain,Middle East,Jeddah,Art/Design District,Mall Kiosk,9/11/24,10/2/24,21,LE-C160G9DM,Guerlain Éclat Lipstick,58.61,1143,1596,70.22,76,93541.56,24003
Estée Lauder,Europe,Paris,Department Store Atrium,Standalone Pop-Up,6/15/24,8/24/24,70,LE-WR39KBGL,Estée Lauder Mirage Blush,57.5,1005,2154,51.84,30.77142857,123855,70350
La Prairie,Middle East,Dubai,Luxury Mall,Flash Event,2/23/24,3/24/24,30,LE-6R7K8AAU,La Prairie Opulence Lipstick,60,2006,1762,87.57,58.73333333,105720,60180
Guerlain,Europe,Berlin,Art/Design District,Mall Kiosk,8/8/24,9/16/24,39,LE-FKCLUX5E,Guerlain Éclat Primer,51.38,1268,2352,87.53,60.30769231,120845.76,49452
Shiseido,Latin America,Lima,Airport Duty-Free,Mall Kiosk,1/21/25,3/16/25,54,LE-FGMW9SY1,Shiseido Lumière Highlighter,77.53,1131,389,62.44,7.203703704,30159.17,61074
Huda Beauty,Europe,Berlin,Luxury Mall,Shop-in-Shop,2/21/24,3/9/24,17,LE-2WCY1VJP,Huda Beauty Satin Lipstick,40.37,1456,627,74.38,36.88235294,25311.99,24752
Rare Beauty,Asia-Pacific,Shanghai,High-Street,Mobile Pop-Up Truck,4/17/24,6/11/24,55,LE-8OC0S84X,Rare Beauty Éclat Eyeshadow Palette,106.03,2372,1956,81.23,35.56363636,207394.68,130460
Clé de Peau Beauté,Asia-Pacific,Shanghai,Airport Duty-Free,Mall Kiosk,4/12/25,4/18/25,6,LE-7I2TRWFP,Clé de Peau Beauté Glow Mascara,55.58,1224,167,46.13,27.83333333,9281.86,7344
Shiseido,Europe,Berlin,Luxury Mall,Mobile Pop-Up Truck,5/2/25,7/23/25,82,LE-HA1NOM3D,Shiseido Opulence Lipstick,32.57,1423,1375,65.01,16.76829268,44783.75,116686
NARS,Europe,London,Department Store Atrium,Standalone Pop-Up,5/27/25,7/21/25,55,LE-79B4IZ05,NARS Lumière Fragrance,176.29,917,3291,88.11,59.83636364,580170.39,50435
Fenty Beauty,Latin America,Mexico City,Art/Design District,Mall Kiosk,8/30/24,9/11/24,12,LE-FR1QZO67,Fenty Beauty Velvet Fragrance,138.02,890,2624,80.27,218.6666667,362164.48,10680
Bobbi Brown,Asia-Pacific,Hong Kong,Luxury Mall,Standalone Pop-Up,6/27/25,7/14/25,17,LE-UH6BCXIZ,Bobbi Brown Noir Foundation,74.99,1421,2933,87.29,172.5294118,219945.67,24157
Valentino Beauty,North America,Toronto,Art/Design District,Mobile Pop-Up Truck,4/11/25,6/7/25,57,LE-4EHPX0AU,Valentino Beauty Rouge Primer,59.97,1275,1052,56.8,18.45614035,63088.44,72675
Dior,Latin America,Buenos Aires,Airport Duty-Free,Mobile Pop-Up Truck,11/30/24,1/23/25,54,LE-YNPE9UCH,Dior Éclat Setting Powder,71.21,1384,306,76.12,5.666666667,21790.26,74736
Tom Ford Beauty,Latin America,São Paulo,Luxury Mall,Mobile Pop-Up Truck,2/27/25,4/25/25,57,LE-X8IUC20D,Tom Ford Beauty Opulence Serum,298.84,1007,1890,75.18,33.15789474,564807.6,57399
Clé de Peau Beauté,North America,Miami,High-Street,Standalone Pop-Up,5/30/25,7/12/25,43,LE-NVP9BY7S,Clé de Peau Beauté Lumière Fragrance,345.95,2181,470,73.55,10.93023256,162596.5,93783
Clé de Peau Beauté,North America,New York,Airport Duty-Free,Mobile Pop-Up Truck,3/25/24,4/8/24,14,LE-XLL3R9V3,Clé de Peau Beauté Velvet Foundation,89.73,996,901,70.61,64.35714286,80846.73,13944
Hourglass,Asia-Pacific,Hong Kong,Department Store Atrium,Shop-in-Shop,5/13/25,6/1/25,19,LE-QGTZAS57,Hourglass Velvet Highlighter,79.91,1715,1334,48.72,70.21052632,106599.94,32585
Rare Beauty,Asia-Pacific,Seoul,Department Store Atrium,Shop-in-Shop,12/3/24,12/15/24,12,LE-SRVJFMWT,Rare Beauty Éclat Mascara,72.5,1388,1973,81.77,164.4166667,143042.5,16656
Estée Lauder,Europe,Paris,Department Store Atrium,Mall Kiosk,12/4/24,1/9/25,36,LE-P8SU3LWK,Estée Lauder Velvet Highlighter,42.3,1608,747,74.63,20.75,31598.1,57888
MAC Cosmetics,Asia-Pacific,Tokyo,Luxury Mall,Standalone Pop-Up,9/17/24,10/27/24,40,LE-M708AZRQ,MAC Cosmetics Opulence Foundation,74.43,1498,165,71.74,4.125,12280.95,59920
Guerlain,Middle East,Abu Dhabi,Art/Design District,Standalone Pop-Up,6/23/24,8/6/24,44,LE-0SK1GIIW,Guerlain Velvet Blush,34.57,677,2640,81.96,60,91264.8,29788
Dior,Europe,Paris,Luxury Mall,Flash Event,5/30/24,6/2/24,3,LE-FJPAFAYH,Dior Lumière Fragrance,156.01,751,1202,62.9,400.6666667,187524.02,2253
Charlotte Tilbury,Europe,London,Luxury Mall,Flash Event,6/25/24,7/29/24,34,LE-A7E8LHVS,Charlotte Tilbury Éclat Lipstick,68.23,1106,2783,83.05,81.85294118,189884.09,37604
Hourglass,Europe,London,Art/Design District,Flash Event,7/8/24,8/19/24,42,LE-59ORVAW7,Hourglass Glow Serum,288.06,545,1600,48.75,38.0952381,460896,22890
Shiseido,Latin America,Buenos Aires,Art/Design District,Flash Event,5/25/24,6/2/24,8,LE-71G7VNP4,Shiseido Glow Lipstick,53.58,1255,1003,91.68,125.375,53740.74,10040
Rare Beauty,North America,Miami,High-Street,Mall Kiosk,10/23/24,1/2/25,71,LE-9AJM7MS0,Rare Beauty Éclat Setting Powder,81.16,1154,2123,60.61,29.90140845,172302.68,81934
Armani Beauty,Europe,Milan,Art/Design District,Shop-in-Shop,3/18/25,5/3/25,46,LE-M6H1YNL8,Armani Beauty Éclat Primer,47.87,906,936,68.12,20.34782609,44806.32,41676
Tom Ford Beauty,Europe,Madrid,High-Street,Shop-in-Shop,4/10/25,6/16/25,67,LE-JHRG4VFJ,Tom Ford Beauty Velvet Highlighter,65.9,1564,1635,84.94,24.40298507,107746.5,104788
Clé de Peau Beauté,Middle East,Jeddah,Art/Design District,Flash Event,10/13/24,12/15/24,63,LE-6T97V1LN,Clé de Peau Beauté Velvet Foundation,58.81,787,2252,49.14,35.74603175,132440.12,49581
Armani Beauty,Middle East,Doha,Airport Duty-Free,Mobile Pop-Up Truck,3/12/24,5/19/24,68,LE-ZIZXYCUK,Armani Beauty Lumière Fragrance,350.47,957,806,74.63,11.85294118,282478.82,65076
Huda Beauty,Asia-Pacific,Hong Kong,Art/Design District,Shop-in-Shop,5/15/24,8/12/24,89,LE-KLFFMF24,Huda Beauty Éclat Setting Powder,56.14,1243,1937,69.6,21.76404494,108743.18,110627
Guerlain,North America,New York,Department Store Atrium,Standalone Pop-Up,6/29/24,8/28/24,60,LE-12UZG9ON,Guerlain Velvet Mascara,60.18,857,3180,66.39,53,191372.4,51420
NARS,Europe,Milan,Department Store Atrium,Shop-in-Shop,7/2/25,8/2/25,31,LE-BOO97447,NARS Pearl Blush,45.38,830,295,70.74,9.516129032,13387.1,25730
MAC Cosmetics,Europe,Berlin,High-Street,Shop-in-Shop,8/6/24,10/21/24,76,LE-MW04UAXZ,MAC Cosmetics Opulence Serum,152.1,1656,1032,60.78,13.57894737,156967.2,125856
Bobbi Brown,Middle East,Dubai,Luxury Mall,Mobile Pop-Up Truck,8/6/24,8/23/24,17,LE-H4LPG90C,Bobbi Brown Mirage Eyeshadow Palette,121.3,786,1543,67.59,90.76470588,187165.9,13362
Fenty Beauty,Latin America,Lima,High-Street,Mobile Pop-Up Truck,7/26/24,9/4/24,40,LE-LOA816YW,Fenty Beauty Mirage Setting Powder,72.6,1978,3362,89.2,84.05,244081.2,79120
MAC Cosmetics,Latin America,São Paulo,High-Street,Mall Kiosk,6/11/24,7/17/24,36,LE-FEP3QA3U,MAC Cosmetics Noir Blush,68.95,1345,3093,62.42,85.91666667,213262.35,48420
NARS,North America,Miami,Art/Design District,Shop-in-Shop,3/18/25,3/27/25,9,LE-5SIRI8FG,NARS Pearl Eyeshadow Palette,114.65,1327,164,70.09,18.22222222,18802.6,11943
Dior,North America,Chicago,Airport Duty-Free,Mobile Pop-Up Truck,8/3/24,8/26/24,23,LE-CL4FMXNB,Dior Opulence Fragrance,234.12,2249,1662,94.27,72.26086957,389107.44,51727
Shiseido,North America,New York,Luxury Mall,Mall Kiosk,5/24/25,8/8/25,76,LE-5EAII2J9,Shiseido Opulence Lipstick,33.37,1368,1288,70.04,16.94736842,42980.56,103968
MAC Cosmetics,Asia-Pacific,Singapore,Art/Design District,Standalone Pop-Up,3/16/24,4/26/24,41,LE-AL5GDQGO,MAC Cosmetics Éclat Mascara,71.63,915,3448,76.66,84.09756098,246980.24,37515
Charlotte Tilbury,Middle East,Doha,Art/Design District,Mall Kiosk,8/13/24,10/1/24,49,LE-FJQEDJF6,Charlotte Tilbury Glow Fragrance,329.92,458,3594,91.59,73.34693878,1185732.48,22442
Huda Beauty,North America,Chicago,Department Store Atrium,Mall Kiosk,5/27/24,6/7/24,11,LE-K32O53PD,Huda Beauty Éclat Lipstick,47.39,1570,2402,53.07,218.3636364,113830.78,17270
MAC Cosmetics,North America,New York,Art/Design District,Flash Event,3/13/25,5/3/25,51,LE-5MGDZ21Y,MAC Cosmetics Lumière Blush,46.66,844,278,59.78,5.450980392,12971.48,43044
Tom Ford Beauty,Europe,Madrid,Airport Duty-Free,Flash Event,8/29/24,10/14/24,46,LE-2CMSE7YP,Tom Ford Beauty Glow Primer,68.31,2450,4101,94.51,89.15217391,280139.31,112700
YSL Beauty,North America,Chicago,Airport Duty-Free,Mobile Pop-Up Truck,7/18/25,7/29/25,11,LE-DX0QGDC3,YSL Beauty Noir Blush,67.95,1078,1973,89.6,179.3636364,134065.35,11858
Tom Ford Beauty,Asia-Pacific,Hong Kong,Department Store Atrium,Mall Kiosk,5/6/24,6/24/24,49,LE-JRCNGQ6C,Tom Ford Beauty Rouge Highlighter,84.51,598,3118,76.85,63.63265306,263502.18,29302
Charlotte Tilbury,North America,New York,High-Street,Flash Event,4/1/24,4/26/24,25,LE-GX67T4HR,Charlotte Tilbury Pearl Foundation,71.07,2754,489,79.38,19.56,34753.23,68850
Sisley-Paris,North America,Los Angeles,Art/Design District,Mobile Pop-Up Truck,1/14/25,4/7/25,83,LE-GHC7Z4GT,Sisley-Paris Éclat Foundation,107.67,1003,433,74.53,5.21686747,46621.11,83249
Bobbi Brown,North America,Toronto,Airport Duty-Free,Mall Kiosk,6/8/25,7/15/25,37,LE-XLIO5O2A,Bobbi Brown Rouge Eyeshadow Palette,140.18,1646,2893,74.47,78.18918919,405540.74,60902
Chanel,North America,Toronto,Art/Design District,Mobile Pop-Up Truck,3/16/25,5/30/25,75,LE-1JHHZPGG,Chanel Pearl Highlighter,41.62,532,948,51.22,12.64,39455.76,39900
Shiseido,Asia-Pacific,Shanghai,Department Store Atrium,Mobile Pop-Up Truck,3/5/25,4/7/25,33,LE-H7FZ8H5M,Shiseido Lumière Blush,56.28,604,2243,100,67.96969697,126236.04,19932
Estée Lauder,Europe,Berlin,Art/Design District,Standalone Pop-Up,5/17/24,6/28/24,42,LE-YFYBQPSV,Estée Lauder Glow Serum,90.25,1087,3547,72.17,84.45238095,320116.75,45654
Givenchy Beauty,Latin America,São Paulo,Luxury Mall,Shop-in-Shop,7/13/24,7/28/24,15,LE-50WEM74T,Givenchy Beauty Glow Mascara,48.87,920,1072,77.68,71.46666667,52388.64,13800
Tom Ford Beauty,Asia-Pacific,Tokyo,High-Street,Shop-in-Shop,6/20/24,8/5/24,46,LE-BPE19IMA,Tom Ford Beauty Velvet Serum,241.94,2110,2773,83.93,60.2826087,670899.62,97060
Dior,Middle East,Riyadh,Luxury Mall,Flash Event,7/6/24,9/12/24,68,LE-9IA7RB54,Dior Lumière Blush,49.22,1495,1121,52.33,16.48529412,55175.62,101660
Bobbi Brown,Asia-Pacific,Shanghai,High-Street,Standalone Pop-Up,5/22/25,7/28/25,67,LE-VOV2I946,Bobbi Brown Lumière Serum,240.06,2213,1369,55.83,20.43283582,328642.14,148271
Charlotte Tilbury,North America,Los Angeles,Luxury Mall,Flash Event,3/4/25,6/1/25,89,LE-JYHF4MQ5,Charlotte Tilbury Pearl Setting Powder,56.53,1898,489,98.79,5.494382022,27643.17,168922
Valentino Beauty,North America,Toronto,Department Store Atrium,Mobile Pop-Up Truck,11/23/24,1/4/25,42,LE-XWK9X1UJ,Valentino Beauty Éclat Fragrance,321.22,866,2198,62.96,52.33333333,706041.56,36372
YSL Beauty,Middle East,Jeddah,Department Store Atrium,Mobile Pop-Up Truck,5/24/24,5/30/24,6,LE-L4KHR4GZ,YSL Beauty Noir Eyeshadow Palette,143.59,994,1459,82.66,243.1666667,209497.81,5964
MAC Cosmetics,Middle East,Doha,Airport Duty-Free,Standalone Pop-Up,11/20/24,1/23/25,64,LE-9IW1VY3V,MAC Cosmetics Noir Eyeshadow Palette,144.01,1744,2332,70.73,36.4375,335831.32,111616
Hermès Beauty,Asia-Pacific,Shanghai,Luxury Mall,Shop-in-Shop,5/18/24,7/10/24,53,LE-VGVQRWD4,Hermès Beauty Lumière Foundation,87.01,1068,2425,82.34,45.75471698,210999.25,56604
Shiseido,Europe,Milan,High-Street,Standalone Pop-Up,6/6/24,8/14/24,69,LE-QHO4NTVJ,Shiseido Lumière Lipstick,44.27,2854,3949,92.09,57.23188406,174822.23,196926
Guerlain,Latin America,Bogotá,Airport Duty-Free,Mobile Pop-Up Truck,3/5/24,5/12/24,68,LE-A1GKQY6U,Guerlain Lumière Blush,58.59,2225,1162,92.3,17.08823529,68081.58,151300
Pat McGrath Labs,North America,Miami,Airport Duty-Free,Mall Kiosk,10/21/24,11/15/24,25,LE-3PSAMRRH,Pat McGrath Labs Noir Highlighter,50.44,2002,306,56.35,12.24,15434.64,50050
La Prairie,North America,Chicago,Airport Duty-Free,Shop-in-Shop,12/8/24,1/2/25,25,LE-FWWJ2L5X,La Prairie Lumière Blush,61.35,2187,1394,66.13,55.76,85521.9,54675
Bobbi Brown,Europe,Berlin,Department Store Atrium,Mobile Pop-Up Truck,7/25/24,9/2/24,39,LE-K4WDRYOA,Bobbi Brown Mirage Setting Powder,72.33,865,893,82.53,22.8974359,64590.69,33735
Rare Beauty,Asia-Pacific,Singapore,High-Street,Shop-in-Shop,11/10/24,12/22/24,42,LE-O38PHE7Q,Rare Beauty Opulence Highlighter,39.9,2631,1804,53.92,42.95238095,71979.6,110502
Chanel,Latin America,São Paulo,Airport Duty-Free,Flash Event,8/30/24,11/15/24,77,LE-ZR1NSWMF,Chanel Pearl Mascara,31.79,1562,463,67.39,6.012987013,14718.77,120274
Guerlain,North America,New York,Department Store Atrium,Mall Kiosk,4/9/25,5/2/25,23,LE-ZWPZGJ0G,Guerlain Éclat Serum,150,1246,3420,79.18,148.6956522,513000,28658
Charlotte Tilbury,Europe,Milan,Department Store Atrium,Flash Event,6/2/24,7/12/24,40,LE-KFTLU8B1,Charlotte Tilbury Rouge Fragrance,256.67,1713,1766,78.11,44.15,453279.22,68520
MAC Cosmetics,Europe,Paris,Art/Design District,Flash Event,7/2/24,9/5/24,65,LE-9IUCFHA1,MAC Cosmetics Satin Fragrance,355.92,1194,2345,63.41,36.07692308,834632.4,77610
Chanel,Middle East,Dubai,High-Street,Mobile Pop-Up Truck,10/24/24,10/29/24,5,LE-QCBH1YC5,Chanel Lumière Highlighter,41.67,2328,2638,78.65,527.6,109925.46,11640
Guerlain,Latin America,Lima,High-Street,Shop-in-Shop,10/31/24,1/1/25,62,LE-7837JKXW,Guerlain Rouge Blush,52.87,2135,3741,82.82,60.33870968,197786.67,132370
NARS,Europe,Paris,Art/Design District,Flash Event,4/10/24,6/24/24,75,LE-YX6J3O6A,NARS Lumière Eyeshadow Palette,148.26,1338,4005,86.74,53.4,593781.3,100350
Charlotte Tilbury,Middle East,Riyadh,Art/Design District,Mobile Pop-Up Truck,12/1/24,1/4/25,34,LE-LAHHEPJJ,Charlotte Tilbury Éclat Foundation,69.11,454,1299,62.78,38.20588235,89773.89,15436
Estée Lauder,Europe,Berlin,Luxury Mall,Mall Kiosk,2/3/25,3/5/25,30,LE-DDWAAJW2,Estée Lauder Noir Setting Powder,73.29,1411,2035,65.22,67.83333333,149145.15,42330
Estée Lauder,North America,Los Angeles,High-Street,Standalone Pop-Up,10/11/24,1/7/25,88,LE-PM3OVUBD,Estée Lauder Glow Eyeshadow Palette,132.26,2417,3805,89.83,43.23863636,503249.3,212696
Givenchy Beauty,Middle East,Dubai,Department Store Atrium,Mall Kiosk,12/15/24,12/22/24,7,LE-H3L6JBSR,Givenchy Beauty Velvet Primer,79.37,1435,1220,81.61,174.2857143,96831.4,10045
Givenchy Beauty,North America,Los Angeles,Airport Duty-Free,Shop-in-Shop,6/8/24,7/26/24,48,LE-R1WCYAKJ,Givenchy Beauty Noir Serum,126.96,1010,2020,55.39,42.08333333,256459.2,48480
Charlotte Tilbury,Latin America,São Paulo,Art/Design District,Standalone Pop-Up,4/14/25,6/24/25,71,LE-4EPCP7MH,Charlotte Tilbury Éclat Setting Powder,43.24,685,332,80.98,4.676056338,14355.68,48635
Chanel,Europe,Berlin,Luxury Mall,Mobile Pop-Up Truck,10/16/24,12/22/24,67,LE-W63250J5,Chanel Glow Fragrance,237.99,1355,3142,64.74,46.89552239,747764.58,90785
Lancôme,North America,New York,Luxury Mall,Standalone Pop-Up,4/18/24,5/25/24,37,LE-NQORT0B0,Lancôme Mirage Lipstick,48.52,1561,3177,64.8,85.86486486,154148.04,57757
Guerlain,Asia-Pacific,Hong Kong,Luxury Mall,Shop-in-Shop,1/2/25,1/23/25,21,LE-A185RN13,Guerlain Mirage Primer,79.3,858,1373,42.6,65.38095238,108878.9,18018
MAC Cosmetics,Latin America,Bogotá,Department Store Atrium,Mobile Pop-Up Truck,9/7/24,11/25/24,79,LE-RMTJJO3Q,MAC Cosmetics Éclat Fragrance,93.32,776,194,65.76,2.455696203,18104.08,61304
Shiseido,Latin America,Buenos Aires,Luxury Mall,Flash Event,10/29/24,1/5/25,68,LE-950J1ZWS,Shiseido Noir Lipstick,64.78,1350,1823,98.33,26.80882353,118093.94,91800
Shiseido,Latin America,Buenos Aires,Art/Design District,Shop-in-Shop,12/2/24,2/17/25,77,LE-CWKPBTM0,Shiseido Rouge Setting Powder,70.86,1143,3154,63.22,40.96103896,223492.44,88011
Rare Beauty,Latin America,São Paulo,Department Store Atrium,Mobile Pop-Up Truck,6/16/25,7/29/25,43,LE-3VHJY09D,Rare Beauty Glow Mascara,55.39,1872,3633,84.31,84.48837209,201231.87,80496
Clé de Peau Beauté,Europe,Milan,Art/Design District,Standalone Pop-Up,2/22/25,4/23/25,60,LE-4OTNAAUV,Clé de Peau Beauté Mirage Fragrance,359.53,678,3332,75.57,55.53333333,1197953.96,40680
Huda Beauty,North America,Chicago,Airport Duty-Free,Shop-in-Shop,5/28/25,7/17/25,50,LE-3O1TJXZ3,Huda Beauty Éclat Highlighter,67.75,906,932,87.1,18.64,63143,45300
Rare Beauty,North America,Miami,Department Store Atrium,Shop-in-Shop,8/16/24,11/2/24,78,LE-QLIDZBEN,Rare Beauty Glow Serum,213.18,857,2668,93.88,34.20512821,568764.24,66846
Givenchy Beauty,Europe,Berlin,Airport Duty-Free,Shop-in-Shop,2/22/24,5/3/24,71,LE-GYX5QOEO,Givenchy Beauty Satin Eyeshadow Palette,104.14,1935,671,87.37,9.450704225,69877.94,137385
Givenchy Beauty,Europe,Berlin,Art/Design District,Flash Event,7/14/24,9/13/24,61,LE-ZZ75MA3G,Givenchy Beauty Velvet Highlighter,47.93,704,4121,93.19,67.55737705,197519.53,42944
Guerlain,Middle East,Jeddah,High-Street,Shop-in-Shop,6/29/24,9/25/24,88,LE-ADH2DU4W,Guerlain Rouge Foundation,79.25,1239,967,60.36,10.98863636,76634.75,109032
MAC Cosmetics,Middle East,Doha,Luxury Mall,Standalone Pop-Up,11/22/24,12/18/24,26,LE-NZC4PDF9,MAC Cosmetics Opulence Primer,77.13,1937,1656,79.69,63.69230769,127727.28,50362
Rare Beauty,Middle East,Doha,Luxury Mall,Flash Event,6/28/24,9/5/24,69,LE-NU6RG45B,Rare Beauty Noir Setting Powder,62.89,1664,2135,72.57,30.94202899,134270.15,114816
Hermès Beauty,Asia-Pacific,Shanghai,Department Store Atrium,Standalone Pop-Up,2/27/24,5/2/24,65,LE-8XHAOXFB,Hermès Beauty Velvet Lipstick,56.42,1131,1220,86.4,18.76923077,68832.4,73515
Estée Lauder,Europe,Berlin,Department Store Atrium,Mobile Pop-Up Truck,4/7/25,4/10/25,3,LE-GHQBMGFG,Estée Lauder Lumière Fragrance,376.84,575,1411,71.08,470.3333333,531721.24,1725
Valentino Beauty,Latin America,São Paulo,High-Street,Shop-in-Shop,10/30/24,1/21/25,83,LE-8R56VTOS,Valentino Beauty Glow Setting Powder,64.12,2516,3394,70.58,40.89156627,217623.28,208828
La Prairie,Asia-Pacific,Shanghai,Art/Design District,Flash Event,9/17/24,12/1/24,75,LE-91FVBZ7P,La Prairie Glow Mascara,69.91,1132,2899,89.59,38.65333333,202669.09,84900
Chanel,Latin America,Mexico City,Department Store Atrium,Mall Kiosk,3/10/25,6/2/25,84,LE-WHBW9P7S,Chanel Noir Serum,169.46,1208,1156,54.81,13.76190476,195895.76,101472
Pat McGrath Labs,Latin America,Buenos Aires,High-Street,Shop-in-Shop,9/9/24,10/8/24,29,LE-ND5FVK2H,Pat McGrath Labs Velvet Mascara,34.57,1315,228,70.15,7.862068966,7881.96,38135
Valentino Beauty,Middle East,Riyadh,Art/Design District,Standalone Pop-Up,1/15/25,2/13/25,29,LE-MLG0G7U0,Valentino Beauty Velvet Eyeshadow Palette,121.39,603,647,74.2,22.31034483,78539.33,17487
Valentino Beauty,Middle East,Jeddah,High-Street,Mobile Pop-Up Truck,5/12/24,7/23/24,72,LE-6FH7C8PH,Valentino Beauty Noir Fragrance,211.64,2779,1721,82.54,23.90277778,364232.44,200088
Hourglass,North America,Toronto,High-Street,Mall Kiosk,4/28/24,6/19/24,52,LE-9NCYLMWY,Hourglass Mirage Blush,41.67,1939,1224,88.38,23.53846154,51004.08,100828
Hermès Beauty,Middle East,Abu Dhabi,High-Street,Flash Event,12/11/24,1/10/25,30,LE-RH5F8YYS,Hermès Beauty Éclat Foundation,60.72,944,1223,60.45,40.76666667,74260.56,28320
Rare Beauty,North America,New York,Luxury Mall,Flash Event,12/29/24,2/11/25,44,LE-DOBVDJ6G,Rare Beauty Lumière Fragrance,240.25,1186,503,90.79,11.43181818,120845.75,52184
Givenchy Beauty,Europe,Paris,High-Street,Mobile Pop-Up Truck,8/31/24,9/14/24,14,LE-FWXN07Z7,Givenchy Beauty Mirage Lipstick,37.56,2394,3867,85.48,276.2142857,145244.52,33516
La Prairie,Latin America,Mexico City,Art/Design District,Shop-in-Shop,5/2/24,7/11/24,70,LE-GY1N6HUU,La Prairie Opulence Blush,48.14,450,631,85.04,9.014285714,30376.34,31500
Hourglass,Latin America,Buenos Aires,Department Store Atrium,Mall Kiosk,3/6/25,3/26/25,20,LE-7HGCG2JE,Hourglass Opulence Fragrance,144.65,691,506,73.44,25.3,73192.9,13820
Sisley-Paris,Middle East,Dubai,Art/Design District,Shop-in-Shop,3/8/25,5/25/25,78,LE-T1WWPAH3,Sisley-Paris Rouge Foundation,58.94,725,861,59.87,11.03846154,50747.34,56550
Valentino Beauty,Asia-Pacific,Hong Kong,High-Street,Standalone Pop-Up,11/7/24,12/23/24,46,LE-KOOBF162,Valentino Beauty Rouge Eyeshadow Palette,65.35,2124,991,55.71,21.54347826,64761.85,97704
Guerlain,North America,Los Angeles,Art/Design District,Flash Event,2/24/25,3/30/25,34,LE-SNIV1614,Guerlain Velvet Foundation,61.38,872,260,72.83,7.647058824,15958.8,29648
Shiseido,North America,New York,Art/Design District,Standalone Pop-Up,6/12/25,6/20/25,8,LE-3FQG0ZWA,Shiseido Lumière Mascara,30.85,559,937,50.9,117.125,28906.45,4472
Chanel,Middle East,Abu Dhabi,Art/Design District,Shop-in-Shop,5/3/24,7/5/24,63,LE-Z1QJQIA2,Chanel Pearl Lipstick,78.74,1055,3555,86.81,56.42857143,279920.7,66465
YSL Beauty,Latin America,São Paulo,High-Street,Mall Kiosk,5/15/24,6/26/24,42,LE-GEQ352TA,YSL Beauty Éclat Serum,193.82,991,1824,63.36,43.42857143,353527.68,41622
Hourglass,Asia-Pacific,Hong Kong,Airport Duty-Free,Shop-in-Shop,4/28/25,6/17/25,50,LE-SXNI4DMB,Hourglass Lumière Fragrance,376.42,1472,1917,59.79,38.34,721597.14,73600
Pat McGrath Labs,Middle East,Riyadh,High-Street,Standalone Pop-Up,6/24/25,7/13/25,19,LE-OJ4QX0XL,Pat McGrath Labs Éclat Setting Powder,58.46,1432,884,48.76,46.52631579,51678.64,27208
Hermès Beauty,Asia-Pacific,Tokyo,High-Street,Mobile Pop-Up Truck,7/5/24,7/28/24,23,LE-NY2AVAGB,Hermès Beauty Éclat Serum,133.5,1311,3032,87.03,131.826087,404772,30153
Sisley-Paris,Europe,London,Airport Duty-Free,Standalone Pop-Up,1/27/25,4/14/25,77,LE-5YXPP9E7,Sisley-Paris Opulence Foundation,46.32,1252,705,90.5,9.155844156,32655.6,96404
Pat McGrath Labs,Europe,Madrid,Luxury Mall,Standalone Pop-Up,8/29/24,9/7/24,9,LE-HQ6BH1P3,Pat McGrath Labs Rouge Blush,58.91,843,1362,94.32,151.3333333,80235.42,7587
La Prairie,Middle East,Doha,Department Store Atrium,Shop-in-Shop,4/15/25,5/18/25,33,LE-ZEENL9G8,La Prairie Éclat Primer,65.32,1054,2508,71.88,76,163822.56,34782
La Prairie,North America,Miami,Airport Duty-Free,Mobile Pop-Up Truck,2/9/25,3/16/25,35,LE-JC9U1XMM,La Prairie Rouge Primer,55.5,1621,468,46.94,13.37142857,25974,56735
Tom Ford Beauty,Latin America,Lima,Art/Design District,Standalone Pop-Up,5/29/24,6/2/24,4,LE-AJ4LS9G4,Tom Ford Beauty Rouge Fragrance,276.6,1145,4422,90.24,1105.5,1223125.2,4580
Clé de Peau Beauté,North America,Miami,Art/Design District,Mall Kiosk,1/29/25,3/31/25,61,LE-IOA58O95,Clé de Peau Beauté Velvet Primer,64.29,1096,2879,78.38,47.19672131,185090.91,66856
NARS,Europe,Berlin,High-Street,Mobile Pop-Up Truck,3/25/25,6/17/25,84,LE-EJTCVQFR,NARS Satin Blush,42.77,1942,516,65.65,6.142857143,22069.32,163128
Shiseido,Middle East,Dubai,Luxury Mall,Mobile Pop-Up Truck,9/16/24,11/13/24,58,LE-QIEIGAKN,Shiseido Pearl Fragrance,307.1,1571,471,57.93,8.120689655,144644.1,91118
Fenty Beauty,Middle East,Jeddah,Department Store Atrium,Standalone Pop-Up,4/5/24,6/5/24,61,LE-I0WOHONZ,Fenty Beauty Velvet Blush,55.47,824,720,48.85,11.80327869,39938.4,50264
Dior,Latin America,Lima,Department Store Atrium,Flash Event,6/17/24,8/9/24,53,LE-U4IHLO5V,Dior Velvet Eyeshadow Palette,75.74,1087,3597,95.97,67.86792453,272436.78,57611
NARS,Asia-Pacific,Seoul,Luxury Mall,Mobile Pop-Up Truck,2/1/25,3/31/25,58,LE-7WNK48DN,NARS Opulence Eyeshadow Palette,142.83,800,3929,83.17,67.74137931,561179.07,46400
Rare Beauty,Middle East,Riyadh,High-Street,Standalone Pop-Up,4/9/24,7/8/24,90,LE-JKW34DG3,Rare Beauty Noir Highlighter,85.03,1836,448,56.57,4.977777778,38093.44,165240
Dior,Middle East,Abu Dhabi,Art/Design District,Standalone Pop-Up,2/21/25,4/2/25,40,LE-D85OISUG,Dior Noir Blush,31.95,783,1750,76.05,43.75,55912.5,31320
Clé de Peau Beauté,Asia-Pacific,Hong Kong,High-Street,Standalone Pop-Up,6/1/24,8/27/24,87,LE-YN26S1KR,Clé de Peau Beauté Lumière Foundation,67.84,1962,3018,84.59,34.68965517,204741.12,170694
La Prairie,Latin America,Unknown,High-Street,Standalone Pop-Up,10/8/24,11/7/24,30,LE-TZHO1GA4,La Prairie Lumière Blush,69.87,2584,685,79.56,22.83333333,47860.95,77520
Chanel,Europe,Madrid,High-Street,Flash Event,3/4/24,3/21/24,17,LE-WVM3M6IW,Chanel Rouge Fragrance,287.31,1432,1069,61.05,62.88235294,307134.39,24344
Sisley-Paris,Middle East,Doha,Department Store Atrium,Mobile Pop-Up Truck,3/20/24,5/22/24,63,LE-E79XA83B,Sisley-Paris Satin Mascara,72.41,859,2632,65.25,41.77777778,190583.12,54117
Tom Ford Beauty,North America,Chicago,Airport Duty-Free,Mall Kiosk,5/23/25,6/11/25,19,LE-XEM0NLZZ,Tom Ford Beauty Velvet Primer,48.54,1138,1737,93.24,91.42105263,84313.98,21622
Tom Ford Beauty,Asia-Pacific,Hong Kong,Department Store Atrium,Standalone Pop-Up,1/7/25,3/13/25,65,LE-OXRXXT3U,Tom Ford Beauty Noir Setting Powder,51.7,1139,3066,76.73,47.16923077,158512.2,74035
Hermès Beauty,Latin America,Buenos Aires,High-Street,Mobile Pop-Up Truck,5/26/24,7/25/24,60,LE-8P3MWJTF,Hermès Beauty Lumière Setting Powder,75.32,1579,1098,91.2,18.3,82701.36,94740
Clé de Peau Beauté,Latin America,Lima,High-Street,Flash Event,2/15/25,4/16/25,60,LE-9LL2HDYN,Clé de Peau Beauté Opulence Serum,141.69,2191,1762,67.12,29.36666667,249657.78,131460
Chanel,Middle East,Dubai,Department Store Atrium,Mobile Pop-Up Truck,4/18/25,6/2/25,45,LE-SUTII34Z,Chanel Éclat Primer,36.96,1220,2176,71.34,48.35555556,80424.96,54900
Rare Beauty,Latin America,Mexico City,Airport Duty-Free,Flash Event,6/18/24,7/19/24,31,LE-6M73RQZ7,Rare Beauty Satin Serum,195.58,1571,1367,81.32,44.09677419,267357.86,48701
Shiseido,North America,Chicago,High-Street,Shop-in-Shop,5/30/24,8/14/24,76,LE-B78DGNEB,Shiseido Glow Setting Powder,73.46,2091,1879,66.47,24.72368421,138031.34,158916
Sisley-Paris,North America,Miami,High-Street,Flash Event,4/22/25,7/15/25,84,LE-1DM3KTT4,Sisley-Paris Glow Blush,59.29,2282,3036,68.13,36.14285714,180004.44,191688
Shiseido,Europe,Milan,Department Store Atrium,Shop-in-Shop,6/14/24,7/28/24,44,LE-OBYQGC72,Shiseido Velvet Highlighter,75.04,1466,2315,78.74,52.61363636,173717.6,64504
Sisley-Paris,Middle East,Abu Dhabi,Airport Duty-Free,Mall Kiosk,3/24/25,4/6/25,13,LE-O3RZ0FGB,Sisley-Paris Noir Fragrance,203.74,1450,2798,99.22,215.2307692,570064.52,18850
Rare Beauty,Europe,London,Luxury Mall,Mall Kiosk,6/5/24,7/26/24,51,LE-MPUDNJNQ,Rare Beauty Pearl Foundation,87.02,1945,312,74.11,6.117647059,27150.24,99195
Hermès Beauty,Latin America,Unknown,Airport Duty-Free,Mall Kiosk,9/11/24,10/12/24,31,LE-795L5AJL,Hermès Beauty Rouge Eyeshadow Palette,88.64,1424,2087,92.51,67.32258065,184991.68,44144
La Prairie,Latin America,Bogotá,Luxury Mall,Mall Kiosk,11/4/24,1/31/25,88,LE-RLL24A2P,La Prairie Velvet Foundation,76.21,883,2866,67.87,32.56818182,218417.86,77704
Estée Lauder,North America,Chicago,Department Store Atrium,Standalone Pop-Up,7/11/25,8/9/25,29,LE-XPAKMDLK,Estée Lauder Opulence Eyeshadow Palette,88.31,1502,1948,75.13,67.17241379,172027.88,43558
Valentino Beauty,North America,Miami,Luxury Mall,Mall Kiosk,3/17/24,5/7/24,51,LE-3GA2MUQH,Valentino Beauty Noir Eyeshadow Palette,116.39,1770,2089,85.61,40.96078431,243138.71,90270
Estée Lauder,North America,Los Angeles,High-Street,Mobile Pop-Up Truck,7/30/24,9/17/24,49,LE-GIRUN3CV,Estée Lauder Lumière Serum,254.62,1554,4212,89.71,85.95918367,1072459.44,76146
Clé de Peau Beauté,Middle East,Abu Dhabi,Art/Design District,Standalone Pop-Up,9/24/24,11/21/24,58,LE-452WFRT7,Clé de Peau Beauté Noir Lipstick,72.67,1083,1399,97.97,24.12068966,101665.33,62814
NARS,Asia-Pacific,Singapore,Luxury Mall,Shop-in-Shop,3/21/25,4/5/25,15,LE-NB2YGWC5,NARS Noir Highlighter,79.32,1022,245,56.45,16.33333333,19433.4,15330
Estée Lauder,Latin America,Lima,High-Street,Shop-in-Shop,2/26/24,3/20/24,23,LE-GN673V4G,Estée Lauder Opulence Eyeshadow Palette,94.74,875,850,79.44,36.95652174,80529,20125
Tom Ford Beauty,Asia-Pacific,Tokyo,Luxury Mall,Standalone Pop-Up,5/2/25,5/18/25,16,LE-PWF7ZO64,Tom Ford Beauty Glow Setting Powder,80.96,1163,406,49.57,25.375,32869.76,18608
Fenty Beauty,Europe,Milan,Luxury Mall,Standalone Pop-Up,12/14/24,2/19/25,67,LE-ZP1U3EZ6,Fenty Beauty Velvet Setting Powder,63.85,938,3843,80.4,57.35820896,245375.55,62846
Dior,Europe,Milan,Department Store Atrium,Mall Kiosk,4/24/25,6/15/25,52,LE-HBANMVNY,Dior Éclat Primer,35.56,1401,1934,72.14,37.19230769,68773.04,72852
Guerlain,Europe,Milan,Department Store Atrium,Mall Kiosk,4/26/25,6/10/25,45,LE-QUV59XB4,Guerlain Velvet Fragrance,260.17,985,291,64.81,6.466666667,75709.47,44325
Givenchy Beauty,Asia-Pacific,Singapore,Airport Duty-Free,Standalone Pop-Up,8/31/24,11/18/24,79,LE-E64X3D4X,Givenchy Beauty Noir Setting Powder,59.2,1919,2434,72.1,30.81012658,144092.8,151601
Lancôme,Asia-Pacific,Tokyo,Airport Duty-Free,Flash Event,3/15/25,5/2/25,48,LE-3QA6GC6O,Lancôme Lumière Primer,54.99,1044,1728,62.2,36,95022.72,50112
Dior,Middle East,Jeddah,Luxury Mall,Mall Kiosk,6/24/24,9/20/24,88,LE-8F8RCHL8,Dior Glow Setting Powder,60.97,1216,3052,65.52,34.68181818,186080.44,107008
Pat McGrath Labs,Latin America,Mexico City,Department Store Atrium,Flash Event,9/23/24,11/13/24,51,LE-AVRX7PH9,Pat McGrath Labs Glow Highlighter,45.66,1484,2415,68.01,47.35294118,110268.9,75684
Hermès Beauty,Latin America,Mexico City,Airport Duty-Free,Mall Kiosk,6/16/24,8/28/24,73,LE-92R38MFR,Hermès Beauty Opulence Primer,71.97,1847,1509,45.78,20.67123288,108602.73,134831
Rare Beauty,Europe,Berlin,Art/Design District,Shop-in-Shop,5/22/24,6/24/24,33,LE-1CCKDAPI,Rare Beauty Éclat Blush,57.68,999,1583,92.36,47.96969697,91307.44,32967
Sisley-Paris,Latin America,São Paulo,Department Store Atrium,Flash Event,2/19/24,5/12/24,83,LE-DXLBABRV,Sisley-Paris Éclat Lipstick,52.23,1171,803,70.62,9.674698795,41940.69,97193
Huda Beauty,North America,New York,Luxury Mall,Flash Event,7/11/24,9/26/24,77,LE-AWZAA6YP,Huda Beauty Glow Serum,203.78,924,2704,60.44,35.11688312,551021.12,71148
Tom Ford Beauty,North America,New York,High-Street,Standalone Pop-Up,11/25/24,12/20/24,25,LE-E0L2GNTO,Tom Ford Beauty Satin Serum,296.61,2664,147,59.76,5.88,43601.67,66600
Armani Beauty,Asia-Pacific,Hong Kong,Art/Design District,Shop-in-Shop,4/15/24,6/6/24,52,LE-HM1GL1A7,Armani Beauty Velvet Highlighter,35.5,1212,1382,74.86,26.57692308,49061,63024
Fenty Beauty,North America,Toronto,High-Street,Shop-in-Shop,8/8/24,10/6/24,59,LE-A98J2FOI,Fenty Beauty Éclat Primer,83.96,1192,411,56.38,6.966101695,34507.56,70328
Huda Beauty,Latin America,Lima,Luxury Mall,Mobile Pop-Up Truck,5/25/25,7/1/25,37,LE-24DNS4PG,Huda Beauty Noir Primer,52.44,943,480,86.18,12.97297297,25171.2,34891
Pat McGrath Labs,Asia-Pacific,Unknown,Department Store Atrium,Flash Event,10/8/24,11/2/24,25,LE-UFLTA4S8,Pat McGrath Labs Rouge Lipstick,45.14,1630,1573,49.61,62.92,71005.22,40750
Armani Beauty,North America,Chicago,High-Street,Flash Event,6/13/25,6/30/25,17,LE-Q25BM4P4,Armani Beauty Pearl Fragrance,171.85,1398,470,69.63,27.64705882,80769.5,23766
Shiseido,Middle East,Dubai,High-Street,Shop-in-Shop,1/18/25,4/15/25,87,LE-7UMW9XLA,Shiseido Rouge Eyeshadow Palette,130.85,1108,1430,71.36,16.43678161,187115.5,96396
Armani Beauty,North America,Miami,Department Store Atrium,Mobile Pop-Up Truck,5/28/25,7/12/25,45,LE-UFJUYAXO,Armani Beauty Satin Highlighter,73.2,1603,2605,81.48,57.88888889,190686,72135
NARS,Europe,Madrid,High-Street,Shop-in-Shop,4/5/25,6/21/25,77,LE-7QRZI0KR,NARS Pearl Fragrance,355.04,2201,3682,87.69,47.81818182,1307257.28,169477
Sisley-Paris,Europe,Paris,Luxury Mall,Mall Kiosk,11/26/24,1/19/25,54,LE-4QMLCDRA,Sisley-Paris Mirage Blush,62.97,1358,3291,70.04,60.94444444,207234.27,73332
Givenchy Beauty,Europe,Paris,Department Store Atrium,Mall Kiosk,7/14/24,8/23/24,40,LE-B4DMBPY0,Givenchy Beauty Glow Foundation,60.5,1253,1246,69.88,31.15,75383,50120
NARS,Middle East,Riyadh,Airport Duty-Free,Mobile Pop-Up Truck,3/25/25,4/10/25,16,LE-TI3PWSTW,NARS Velvet Setting Powder,60.21,2249,2054,63.83,128.375,123671.34,35984
Clé de Peau Beauté,Europe,London,Luxury Mall,Mobile Pop-Up Truck,4/22/25,5/14/25,22,LE-Z1BUOCGI,Clé de Peau Beauté Velvet Highlighter,59.82,1884,2656,70.56,120.7272727,158881.92,41448
Pat McGrath Labs,Middle East,Doha,High-Street,Flash Event,5/1/25,7/4/25,64,LE-7N387G8Q,Pat McGrath Labs Noir Serum,262.44,1091,2298,90.94,35.90625,603087.12,69824
Givenchy Beauty,Middle East,Jeddah,Department Store Atrium,Flash Event,9/17/24,11/26/24,70,LE-I3MXBWMZ,Givenchy Beauty Velvet Eyeshadow Palette,121.3,730,1508,59.39,21.54285714,182920.4,51100
Estée Lauder,Latin America,São Paulo,Airport Duty-Free,Standalone Pop-Up,7/23/24,9/27/24,66,LE-0P0K3BGC,Estée Lauder Mirage Highlighter,59.37,2089,547,63.38,8.287878788,32475.39,137874
Bobbi Brown,North America,New York,High-Street,Mall Kiosk,4/20/25,7/7/25,78,LE-EXNGZ4K7,Bobbi Brown Rouge Primer,74.56,1350,150,58.14,1.923076923,11184,105300
Fenty Beauty,Latin America,Bogotá,Airport Duty-Free,Flash Event,8/7/24,9/11/24,35,LE-2IIBHE7X,Fenty Beauty Opulence Fragrance,127.9,1209,1615,68.78,46.14285714,206558.5,42315
Huda Beauty,Latin America,São Paulo,Luxury Mall,Mall Kiosk,6/13/24,9/9/24,88,LE-W3CY6RMM,Huda Beauty Mirage Mascara,48.43,736,1296,59.64,14.72727273,62765.28,64768
Chanel,Asia-Pacific,Seoul,Department Store Atrium,Standalone Pop-Up,11/17/24,2/5/25,80,LE-R6DO3TOS,Chanel Glow Blush,32.62,1556,542,66.58,6.775,17680.04,124480
Guerlain,Middle East,Abu Dhabi,High-Street,Shop-in-Shop,6/8/24,8/13/24,66,LE-4AT1O40D,Guerlain Satin Primer,60.32,1495,318,43.44,4.818181818,19181.76,98670
NARS,Europe,Madrid,Luxury Mall,Flash Event,4/25/25,5/11/25,16,LE-QCE6EGB5,NARS Lumière Setting Powder,40.16,1127,2608,67.2,163,104737.28,18032
Shiseido,Latin America,Buenos Aires,Art/Design District,Standalone Pop-Up,3/16/24,4/8/24,23,LE-81BC26A9,Shiseido Lumière Mascara,55.79,700,570,62.3,24.7826087,31800.3,16100
YSL Beauty,Latin America,Lima,Department Store Atrium,Flash Event,5/23/25,8/7/25,76,LE-O9K94W90,YSL Beauty Éclat Eyeshadow Palette,92.21,1560,384,96.48,5.052631579,35408.64,118560
Hourglass,North America,Toronto,Luxury Mall,Mall Kiosk,6/24/24,6/30/24,6,LE-387LI66Z,Hourglass Mirage Highlighter,88.61,787,2293,63.06,382.1666667,203182.73,4722
Shiseido,Asia-Pacific,Hong Kong,Luxury Mall,Mobile Pop-Up Truck,5/16/25,6/5/25,20,LE-ND9M0WT1,Shiseido Noir Eyeshadow Palette,62.05,1439,1491,89.66,74.55,92516.55,28780
Hermès Beauty,Asia-Pacific,Shanghai,Luxury Mall,Shop-in-Shop,4/10/25,6/25/25,76,LE-55LBC3Y1,Hermès Beauty Mirage Lipstick,45.38,681,819,93.71,10.77631579,37166.22,51756
NARS,Middle East,Doha,Luxury Mall,Standalone Pop-Up,12/28/24,1/13/25,16,LE-TZVQ4HIX,NARS Éclat Setting Powder,69.96,1745,3557,82.51,222.3125,248847.72,27920
Huda Beauty,Europe,Paris,High-Street,Standalone Pop-Up,12/5/24,1/29/25,55,LE-WEB4BOZP,Huda Beauty Velvet Fragrance,142.14,1847,2342,59.9,42.58181818,332891.88,101585
Shiseido,Latin America,Lima,Art/Design District,Standalone Pop-Up,5/22/24,7/7/24,46,LE-4I6AIV26,Shiseido Satin Foundation,84.27,849,918,71.5,19.95652174,77359.86,39054
Guerlain,Middle East,Riyadh,Department Store Atrium,Mall Kiosk,2/24/25,3/25/25,29,LE-1VBHICGN,Guerlain Noir Foundation,110.37,1038,3139,90.3,108.2413793,346451.43,30102
Pat McGrath Labs,Europe,Berlin,Luxury Mall,Mall Kiosk,5/3/24,5/22/24,19,LE-9JYOWEJN,Pat McGrath Labs Opulence Lipstick,51.2,1139,2074,66.09,109.1578947,106188.8,21641
Pat McGrath Labs,Latin America,Buenos Aires,Department Store Atrium,Flash Event,3/2/25,4/5/25,34,LE-GP59H2I4,Pat McGrath Labs Rouge Serum,199.17,1021,990,72.96,29.11764706,197178.3,34714
Huda Beauty,Latin America,Bogotá,Art/Design District,Mobile Pop-Up Truck,5/5/25,7/28/25,84,LE-3XS4NRI1,Huda Beauty Rouge Serum,124.42,1136,1783,63.95,21.22619048,221840.86,95424
YSL Beauty,Asia-Pacific,Hong Kong,High-Street,Shop-in-Shop,8/21/24,11/13/24,84,LE-MB0BHHQ1,YSL Beauty Pearl Serum,279.33,1308,2167,77.98,25.79761905,605308.11,109872
Estée Lauder,Middle East,Jeddah,High-Street,Shop-in-Shop,6/23/25,8/4/25,42,LE-M75DVL92,Estée Lauder Pearl Setting Powder,66.57,1508,2997,81.48,71.35714286,199510.29,63336
Valentino Beauty,Europe,Paris,Airport Duty-Free,Mall Kiosk,4/30/25,6/29/25,60,LE-QEFCC7RX,Valentino Beauty Velvet Lipstick,40.06,1598,1707,71.75,28.45,68382.42,95880
Bobbi Brown,Asia-Pacific,Hong Kong,Department Store Atrium,Mall Kiosk,12/6/24,2/12/25,68,LE-89DVAR7Q,Bobbi Brown Noir Blush,53.11,921,1260,86.96,18.52941176,66918.6,62628
Sisley-Paris,North America,Toronto,Luxury Mall,Standalone Pop-Up,3/30/25,4/28/25,29,LE-TOG23LIN,Sisley-Paris Mirage Fragrance,94.71,912,3385,76.34,116.7241379,320593.35,26448
Valentino Beauty,Europe,Paris,Luxury Mall,Flash Event,3/15/25,5/17/25,63,LE-H3G4SKQL,Valentino Beauty Glow Mascara,41.42,1880,929,90.46,14.74603175,38479.18,118440
Huda Beauty,Middle East,Dubai,High-Street,Standalone Pop-Up,6/25/24,7/11/24,16,LE-RRDB0WSG,Huda Beauty Satin Highlighter,70,1826,803,69.89,50.1875,56210,29216
Hermès Beauty,Asia-Pacific,Hong Kong,Airport Duty-Free,Mobile Pop-Up Truck,11/2/24,1/14/25,73,LE-TLYJIO00,Hermès Beauty Lumière Eyeshadow Palette,65.78,2253,571,88.39,7.821917808,37560.38,164469
Bobbi Brown,Europe,Paris,High-Street,Flash Event,7/21/24,9/19/24,60,LE-8LOOXECL,Bobbi Brown Glow Highlighter,83.35,2840,616,73.86,10.26666667,51343.6,170400
Valentino Beauty,North America,Los Angeles,Department Store Atrium,Flash Event,2/25/24,4/15/24,50,LE-YPZ1N8PB,Valentino Beauty Noir Serum,121.25,1379,1909,95.16,38.18,231466.25,68950
Shiseido,Middle East,Abu Dhabi,Department Store Atrium,Shop-in-Shop,5/2/25,7/6/25,65,LE-55WZJFD4,Shiseido Opulence Eyeshadow Palette,92.19,1708,1424,70.22,21.90769231,131278.56,111020
Givenchy Beauty,Latin America,Mexico City,Art/Design District,Flash Event,11/11/24,1/14/25,64,LE-XP26BKQF,Givenchy Beauty Noir Foundation,92.29,703,730,73.96,11.40625,67371.7,44992
MAC Cosmetics,Middle East,Doha,High-Street,Shop-in-Shop,7/8/24,9/5/24,59,LE-17JBRGXP,MAC Cosmetics Velvet Highlighter,78.88,1366,2504,71.12,42.44067797,197515.52,80594
Rare Beauty,Europe,Madrid,Department Store Atrium,Flash Event,12/2/24,1/6/25,35,LE-H6EELX7Y,Rare Beauty Noir Fragrance,373.68,1308,3031,61.39,86.6,1132624.08,45780
Tom Ford Beauty,Europe,Berlin,Airport Duty-Free,Mobile Pop-Up Truck,2/19/24,4/21/24,62,LE-UM6K1A0K,Tom Ford Beauty Rouge Fragrance,362.63,2359,444,100,7.161290323,161007.72,146258
Fenty Beauty,Europe,Milan,Luxury Mall,Mall Kiosk,2/27/24,5/13/24,76,LE-J8NB5WYN,Fenty Beauty Éclat Lipstick,36.53,1119,802,47.43,10.55263158,29297.06,85044
Pat McGrath Labs,Latin America,São Paulo,Luxury Mall,Standalone Pop-Up,3/31/25,4/7/25,7,LE-HHNT1YDD,Pat McGrath Labs Glow Fragrance,138.37,1294,4449,91.04,635.5714286,615608.13,9058
Valentino Beauty,North America,Toronto,Luxury Mall,Shop-in-Shop,12/8/24,12/16/24,8,LE-1TBSF5XI,Valentino Beauty Éclat Fragrance,291.39,1773,4184,86.52,523,1219175.76,14184
Armani Beauty,Asia-Pacific,Hong Kong,High-Street,Standalone Pop-Up,1/21/25,1/27/25,6,LE-Y8ZYK5T8,Armani Beauty Rouge Setting Powder,64.62,1253,2606,100,434.3333333,168399.72,7518
Charlotte Tilbury,Asia-Pacific,Shanghai,High-Street,Shop-in-Shop,8/15/24,9/21/24,37,LE-MYXP49NJ,Charlotte Tilbury Mirage Mascara,30.75,1047,2592,59.83,70.05405405,79704,38739
Valentino Beauty,Asia-Pacific,Hong Kong,Airport Duty-Free,Mall Kiosk,4/20/24,5/30/24,40,LE-O5P68CD1,Valentino Beauty Lumière Serum,144.71,2262,956,63.19,23.9,138342.76,90480
Fenty Beauty,Middle East,Jeddah,High-Street,Mall Kiosk,5/24/24,6/17/24,24,LE-Y5E0WUYW,Fenty Beauty Glow Foundation,82.84,1739,2109,88.84,87.875,174709.56,41736
Clé de Peau Beauté,Middle East,Riyadh,Department Store Atrium,Flash Event,4/20/25,5/10/25,20,LE-ELA5QU9Q,Clé de Peau Beauté Lumière Mascara,62.51,805,4396,97.97,219.8,274793.96,16100
Guerlain,Latin America,São Paulo,Luxury Mall,Standalone Pop-Up,8/22/24,11/20/24,90,LE-FNB12ZXS,Guerlain Opulence Highlighter,53.81,849,1442,75.14,16.02222222,77594.02,76410
Fenty Beauty,Asia-Pacific,Seoul,High-Street,Mall Kiosk,1/10/25,3/5/25,54,LE-Q8YS0FWJ,Fenty Beauty Pearl Fragrance,262.64,1767,1417,85.57,26.24074074,372160.88,95418
Hourglass,Latin America,Mexico City,Airport Duty-Free,Standalone Pop-Up,2/17/25,5/4/25,76,LE-6XR3OSYC,Hourglass Rouge Foundation,88.4,2426,2186,85.73,28.76315789,193242.4,184376
NARS,North America,Los Angeles,Airport Duty-Free,Standalone Pop-Up,3/8/24,5/21/24,74,LE-J6RCQEG5,NARS Noir Eyeshadow Palette,125.72,1414,3260,98.07,44.05405405,409847.2,104636
Sisley-Paris,Asia-Pacific,Seoul,High-Street,Mobile Pop-Up Truck,3/11/24,4/12/24,32,LE-22HLRVAF,Sisley-Paris Velvet Foundation,93.42,2090,1885,67.9,58.90625,176096.7,66880
Shiseido,Asia-Pacific,Singapore,High-Street,Mobile Pop-Up Truck,11/7/24,12/6/24,29,LE-5FY2UBWZ,Shiseido Satin Eyeshadow Palette,89.23,2761,945,90,32.5862069,84322.35,80069
YSL Beauty,Middle East,Jeddah,Luxury Mall,Flash Event,3/4/24,5/31/24,88,LE-DH4II4KH,YSL Beauty Pearl Fragrance,339.92,816,4249,89.1,48.28409091,1444320.08,71808
Sisley-Paris,Asia-Pacific,Singapore,Luxury Mall,Standalone Pop-Up,4/7/24,6/9/24,63,LE-F93KBFJ4,Sisley-Paris Lumière Mascara,58.1,1492,1329,63.96,21.0952381,77214.9,93996
Bobbi Brown,Latin America,Mexico City,High-Street,Standalone Pop-Up,4/23/25,5/28/25,35,LE-OMZLDFIJ,Bobbi Brown Opulence Setting Powder,60.03,2647,4561,100,130.3142857,273796.83,92645
Lancôme,Europe,Madrid,Luxury Mall,Mall Kiosk,4/12/24,7/2/24,81,LE-HISF9SR4,Lancôme Satin Setting Powder,53.42,1456,1649,48.4,20.35802469,88089.58,117936
La Prairie,Europe,London,Luxury Mall,Mall Kiosk,11/18/24,12/13/24,25,LE-FSSF3Z97,La Prairie Velvet Setting Powder,62,1125,3244,70.1,129.76,201128,28125
Huda Beauty,Latin America,Buenos Aires,Department Store Atrium,Standalone Pop-Up,12/31/24,1/31/25,31,LE-0YAYDGU9,Huda Beauty Velvet Primer,53.65,614,3464,95.96,111.7419355,185843.6,19034
Pat McGrath Labs,Latin America,Lima,Luxury Mall,Shop-in-Shop,6/14/24,6/21/24,7,LE-9GC079F0,Pat McGrath Labs Velvet Serum,180.69,1434,957,72.17,136.7142857,172920.33,10038
Sisley-Paris,Middle East,Jeddah,Airport Duty-Free,Mobile Pop-Up Truck,3/17/24,4/24/24,38,LE-XT2XVW77,Sisley-Paris Velvet Highlighter,75.76,1385,1379,83.58,36.28947368,104473.04,52630
Givenchy Beauty,North America,Los Angeles,High-Street,Standalone Pop-Up,4/19/25,5/16/25,27,LE-YAN48M97,Givenchy Beauty Pearl Foundation,79.47,2187,283,85.76,10.48148148,22490.01,59049
Hermès Beauty,Latin America,Buenos Aires,Department Store Atrium,Flash Event,1/16/25,3/20/25,63,LE-P0T83H30,Hermès Beauty Noir Serum,187.88,629,1583,84.74,25.12698413,297414.04,39627
Fenty Beauty,North America,Toronto,Airport Duty-Free,Mall Kiosk,7/16/24,9/2/24,48,LE-EANEEYPK,Fenty Beauty Velvet Blush,50.75,1475,2287,53.74,47.64583333,116065.25,70800
Shiseido,Latin America,São Paulo,High-Street,Mall Kiosk,6/9/24,6/25/24,16,LE-LJBDWEJ5,Shiseido Glow Fragrance,133.64,1769,2440,73.34,152.5,326081.6,28304
La Prairie,Asia-Pacific,Singapore,Department Store Atrium,Standalone Pop-Up,5/1/25,7/30/25,90,LE-KNBAL2ER,La Prairie Satin Fragrance,348.09,1141,2649,55.31,29.43333333,922090.41,102690
NARS,Asia-Pacific,Seoul,Luxury Mall,Mall Kiosk,4/10/24,6/16/24,67,LE-OBWY5YJ5,NARS Lumière Serum,126.51,2024,1064,62,15.88059701,134606.64,135608
Hourglass,Latin America,Lima,Airport Duty-Free,Mall Kiosk,7/20/24,8/26/24,37,LE-VTGWSC9J,Hourglass Glow Foundation,68.13,1942,1949,79.81,52.67567568,132785.37,71854
YSL Beauty,Latin America,Bogotá,Airport Duty-Free,Flash Event,5/19/24,6/15/24,27,LE-OP1MC10J,YSL Beauty Satin Mascara,63.19,1970,3518,91.33,130.2962963,222302.42,53190
Lancôme,North America,Los Angeles,High-Street,Standalone Pop-Up,1/3/25,2/11/25,39,LE-O53K3HZ6,Lancôme Rouge Foundation,57.04,1419,3674,92.82,94.20512821,209564.96,55341
YSL Beauty,Europe,Paris,Luxury Mall,Standalone Pop-Up,2/12/25,4/11/25,58,LE-H352981E,YSL Beauty Éclat Foundation,75.77,888,1614,68.68,27.82758621,122292.78,51504
Bobbi Brown,Europe,Berlin,Art/Design District,Shop-in-Shop,4/19/25,5/19/25,30,LE-YU53TUWU,Bobbi Brown Rouge Setting Powder,48.15,564,3021,67.42,100.7,145461.15,16920
Bobbi Brown,Middle East,Riyadh,High-Street,Flash Event,10/20/24,12/26/24,67,LE-DEK82QOY,Bobbi Brown Noir Highlighter,53.23,1523,2849,89.87,42.52238806,151652.27,102041
Armani Beauty,Latin America,Lima,Department Store Atrium,Flash Event,12/26/24,1/19/25,24,LE-YT4P40SG,Armani Beauty Noir Highlighter,80.8,957,2716,56.01,113.1666667,219452.8,22968
Guerlain,Latin America,Buenos Aires,Art/Design District,Standalone Pop-Up,1/16/25,3/9/25,52,LE-GRNQXPQ6,Guerlain Lumière Mascara,67.15,517,1722,52.18,33.11538462,115632.3,26884
Pat McGrath Labs,Middle East,Dubai,Airport Duty-Free,Shop-in-Shop,11/21/24,12/22/24,31,LE-R565020A,Pat McGrath Labs Noir Eyeshadow Palette,91.37,1890,2302,57.29,74.25806452,210333.74,58590
MAC Cosmetics,Europe,London,Department Store Atrium,Shop-in-Shop,10/11/24,11/7/24,27,LE-OXIRFZ6O,MAC Cosmetics Lumière Lipstick,68.8,1571,2632,66.94,97.48148148,181081.6,42417
La Prairie,Middle East,Jeddah,High-Street,Flash Event,3/29/25,5/8/25,40,LE-HNQ1THAI,La Prairie Velvet Serum,293.53,1999,2338,76.13,58.45,686273.14,79960
Guerlain,Asia-Pacific,Singapore,Department Store Atrium,Flash Event,7/1/24,7/15/24,14,LE-VRKU2VNE,Guerlain Opulence Primer,53.29,1064,859,53.55,61.35714286,45776.11,14896
Clé de Peau Beauté,Asia-Pacific,Tokyo,High-Street,Flash Event,2/4/25,4/22/25,77,LE-SUTKI0TX,Clé de Peau Beauté Satin Setting Powder,65.06,1616,2050,61.32,26.62337662,133373,124432
Tom Ford Beauty,North America,Miami,Airport Duty-Free,Shop-in-Shop,7/12/24,9/9/24,59,LE-28VSVPJH,Tom Ford Beauty Opulence Eyeshadow Palette,52.16,1054,1821,56.5,30.86440678,94983.36,62186
Givenchy Beauty,Asia-Pacific,Shanghai,Airport Duty-Free,Flash Event,8/2/24,8/8/24,6,LE-ZC9WYDLX,Givenchy Beauty Glow Blush,56.86,1770,2209,95.63,368.1666667,125603.74,10620
Dior,Middle East,Doha,High-Street,Shop-in-Shop,1/16/25,3/9/25,52,LE-QWVSZO25,Dior Éclat Foundation,109.58,1525,3763,78.15,72.36538462,412349.54,79300
Estée Lauder,Asia-Pacific,Seoul,Luxury Mall,Shop-in-Shop,11/21/24,1/26/25,66,LE-KWO3LLJ7,Estée Lauder Pearl Primer,75.46,1304,2553,68.28,38.68181818,192649.38,86064
Tom Ford Beauty,Asia-Pacific,Tokyo,Airport Duty-Free,Mall Kiosk,3/18/24,4/20/24,33,LE-WVOD4KWJ,Tom Ford Beauty Opulence Highlighter,57.4,1211,1697,60.01,51.42424242,97407.8,39963
Hermès Beauty,Middle East,Riyadh,Airport Duty-Free,Flash Event,11/26/24,12/29/24,33,LE-NJMJ33YM,Hermès Beauty Mirage Fragrance,230.12,1609,867,48.3,26.27272727,199514.04,53097
YSL Beauty,Middle East,Abu Dhabi,Airport Duty-Free,Mall Kiosk,12/15/24,12/29/24,14,LE-93223SD2,YSL Beauty Noir Fragrance,244.98,2305,1593,96.37,113.7857143,390253.14,32270
Lancôme,Asia-Pacific,Tokyo,Department Store Atrium,Mobile Pop-Up Truck,5/4/25,7/23/25,80,LE-EKRU6YGX,Lancôme Rouge Fragrance,114.65,711,1491,64.02,18.6375,170943.15,56880
Shiseido,Europe,Milan,Airport Duty-Free,Mall Kiosk,4/30/24,5/31/24,31,LE-X2WEX0VA,Shiseido Velvet Serum,243.19,873,2377,74.17,76.67741935,578062.63,27063
Sisley-Paris,Europe,Berlin,Luxury Mall,Mobile Pop-Up Truck,9/27/24,10/25/24,28,LE-J4C1RW9G,Sisley-Paris Opulence Primer,84.38,1098,1011,100,36.10714286,85308.18,30744
Pat McGrath Labs,North America,Los Angeles,Airport Duty-Free,Shop-in-Shop,8/11/24,8/18/24,7,LE-2JA8907U,Pat McGrath Labs Mirage Setting Powder,81.68,2042,3508,79.13,501.1428571,286533.44,14294
Pat McGrath Labs,Europe,Madrid,Airport Duty-Free,Mobile Pop-Up Truck,4/26/24,5/2/24,6,LE-JI7F9HXH,Pat McGrath Labs Opulence Primer,76.5,821,3440,71.7,573.3333333,263160,4926
Hourglass,Middle East,Dubai,Luxury Mall,Shop-in-Shop,5/2/25,7/24/25,83,LE-IVPM6WBI,Hourglass Glow Eyeshadow Palette,83.89,1796,486,51.27,5.855421687,40770.54,149068
YSL Beauty,Asia-Pacific,Tokyo,High-Street,Shop-in-Shop,11/11/24,1/25/25,75,LE-MYD9I4EY,YSL Beauty Satin Serum,82.08,2482,2380,69.15,31.73333333,195350.4,186150
Huda Beauty,Latin America,Bogotá,Luxury Mall,Standalone Pop-Up,3/31/25,5/31/25,61,LE-8IKBK5MT,Huda Beauty Glow Mascara,40.17,670,3381,86.47,55.42622951,135814.77,40870
Chanel,North America,New York,Department Store Atrium,Standalone Pop-Up,2/27/24,3/16/24,18,LE-FTFTNS58,Chanel Lumière Eyeshadow Palette,85.83,1353,1048,65.38,58.22222222,89949.84,24354
Fenty Beauty,Latin America,Buenos Aires,Department Store Atrium,Flash Event,5/8/25,7/12/25,65,LE-XI6LO80W,Fenty Beauty Velvet Foundation,101.92,1481,3752,86.71,57.72307692,382403.84,96265
Givenchy Beauty,Middle East,Abu Dhabi,Luxury Mall,Standalone Pop-Up,9/9/24,10/29/24,50,LE-RCVB247Z,Givenchy Beauty Éclat Blush,63.34,860,595,60.53,11.9,37687.3,43000
Bobbi Brown,North America,New York,High-Street,Flash Event,12/16/24,3/15/25,89,LE-YZQXBWOR,Bobbi Brown Satin Setting Powder,68.35,2087,2165,46.6,24.3258427,147977.75,185743
Estée Lauder,Latin America,São Paulo,Airport Duty-Free,Mobile Pop-Up Truck,6/5/25,8/6/25,62,LE-L90DT8Y2,Estée Lauder Velvet Eyeshadow Palette,73.28,2301,1939,99.08,31.27419355,142089.92,142662
Huda Beauty,Latin America,Mexico City,Luxury Mall,Standalone Pop-Up,11/30/24,2/21/25,83,LE-JD9SB8HV,Huda Beauty Éclat Lipstick,52.85,1257,1124,78.06,13.54216867,59403.4,104331
Shiseido,North America,Miami,Airport Duty-Free,Standalone Pop-Up,9/11/24,11/28/24,78,LE-HO2DLXKG,Shiseido Mirage Foundation,115.52,1245,2569,80.06,32.93589744,296770.88,97110
Sisley-Paris,Europe,Madrid,Airport Duty-Free,Mobile Pop-Up Truck,12/24/24,2/20/25,58,LE-N5ZG06FG,Sisley-Paris Rouge Highlighter,83.34,1824,3126,99.81,53.89655172,260520.84,105792
Tom Ford Beauty,Asia-Pacific,Hong Kong,Department Store Atrium,Shop-in-Shop,4/25/24,5/31/24,36,LE-6YGSTYA6,Tom Ford Beauty Lumière Mascara,59.13,687,1316,92.61,36.55555556,77815.08,24732
Clé de Peau Beauté,Latin America,São Paulo,Airport Duty-Free,Flash Event,3/19/24,6/12/24,85,LE-0EWKHLRO,Clé de Peau Beauté Glow Blush,31.61,1446,1626,47.73,19.12941176,51397.86,122910
Rare Beauty,Asia-Pacific,Seoul,Department Store Atrium,Mobile Pop-Up Truck,5/18/24,7/22/24,65,LE-PF16KLLV,Rare Beauty Noir Lipstick,61.47,1305,2554,69.38,39.29230769,156994.38,84825
Pat McGrath Labs,Asia-Pacific,Singapore,High-Street,Mall Kiosk,10/19/24,10/30/24,11,LE-YXW5E7T3,Pat McGrath Labs Noir Mascara,48.41,1939,3777,80.34,343.3636364,182844.57,21329
Fenty Beauty,Asia-Pacific,Seoul,Art/Design District,Standalone Pop-Up,5/9/25,6/19/25,41,LE-5JFIUIIV,Fenty Beauty Éclat Mascara,71.51,785,1815,70.16,44.26829268,129790.65,32185
Guerlain,Middle East,Doha,Art/Design District,Mobile Pop-Up Truck,7/1/24,9/20/24,81,LE-VEM5QN6C,Guerlain Glow Fragrance,217.69,517,2447,88.15,30.20987654,532687.43,41877
Tom Ford Beauty,North America,Los Angeles,Department Store Atrium,Flash Event,5/29/25,7/28/25,60,LE-OUWIE8MK,Tom Ford Beauty Éclat Primer,62.67,1539,663,52.66,11.05,41550.21,92340
Givenchy Beauty,Middle East,Jeddah,Luxury Mall,Mobile Pop-Up Truck,6/8/24,8/26/24,79,LE-C6KRQN9C,Givenchy Beauty Glow Serum,208.13,852,3163,87.45,40.03797468,658315.19,67308
Tom Ford Beauty,Asia-Pacific,Tokyo,Luxury Mall,Shop-in-Shop,4/11/24,5/20/24,39,LE-572C50IC,Tom Ford Beauty Lumière Blush,42.33,882,1631,58.27,41.82051282,69040.23,34398
Lancôme,Middle East,Riyadh,Airport Duty-Free,Shop-in-Shop,10/2/24,11/30/24,59,LE-FC0515UF,Lancôme Satin Blush,30.83,1296,3734,80.35,63.28813559,115119.22,76464
Estée Lauder,Asia-Pacific,Shanghai,Department Store Atrium,Mall Kiosk,5/24/24,5/31/24,7,LE-CL7CU2MM,Estée Lauder Lumière Fragrance,100.64,1406,2083,81.53,297.5714286,209633.12,9842
Charlotte Tilbury,Asia-Pacific,Singapore,Art/Design District,Mobile Pop-Up Truck,6/5/24,7/29/24,54,LE-RHOVGT3G,Charlotte Tilbury Lumière Fragrance,178.79,1217,1775,63.83,32.87037037,317352.25,65718
Dior,Middle East,Unknown,Airport Duty-Free,Mall Kiosk,1/1/25,2/8/25,38,LE-WDLJPUFV,Dior Noir Eyeshadow Palette,69.74,1591,2070,53.45,54.47368421,144361.8,60458
Pat McGrath Labs,Middle East,Dubai,High-Street,Mobile Pop-Up Truck,9/7/24,11/30/24,84,LE-RO8YYAI6,Pat McGrath Labs Rouge Eyeshadow Palette,89.39,2311,3891,90.38,46.32142857,347816.49,194124
Hermès Beauty,North America,Toronto,Airport Duty-Free,Mall Kiosk,2/24/24,4/1/24,37,LE-SU0BID0V,Hermès Beauty Opulence Fragrance,217.81,1843,3796,78.74,102.5945946,826806.76,68191
Valentino Beauty,Europe,Madrid,Art/Design District,Shop-in-Shop,10/29/24,1/15/25,78,LE-X9ZQRNO8,Valentino Beauty Lumière Blush,46.29,528,359,100,4.602564103,16618.11,41184
Huda Beauty,North America,New York,Airport Duty-Free,Mobile Pop-Up Truck,5/4/24,7/8/24,65,LE-FYXU2EOQ,Huda Beauty Mirage Eyeshadow Palette,139.48,1286,4107,92.96,63.18461538,572844.36,83590
Bobbi Brown,Middle East,Dubai,Art/Design District,Standalone Pop-Up,8/10/24,9/14/24,35,LE-G9JD6YTJ,Bobbi Brown Lumière Eyeshadow Palette,61.01,1221,173,51.49,4.942857143,10554.73,42735
Charlotte Tilbury,Middle East,Jeddah,High-Street,Mall Kiosk,2/26/24,5/5/24,69,LE-Q0DTNQBB,Charlotte Tilbury Mirage Eyeshadow Palette,51.15,1705,3022,73.87,43.79710145,154575.3,117645
Lancôme,Middle East,Jeddah,Art/Design District,Mobile Pop-Up Truck,9/2/24,10/12/24,40,LE-MAW3I0X0,Lancôme Éclat Fragrance,157.02,575,2653,66.73,66.325,416574.06,23000
Sisley-Paris,Latin America,São Paulo,High-Street,Flash Event,2/6/25,3/9/25,31,LE-GRA7D70N,Sisley-Paris Lumière Fragrance,258.54,1830,3067,94.4,98.93548387,792942.18,56730
Shiseido,Europe,Milan,High-Street,Shop-in-Shop,6/30/24,9/5/24,67,LE-3W61T6OY,Shiseido Satin Fragrance,390.42,1018,3516,77.58,52.47761194,1372716.72,68206
Armani Beauty,Latin America,Buenos Aires,Department Store Atrium,Mobile Pop-Up Truck,5/28/24,7/19/24,52,LE-NY7QHS6U,Armani Beauty Satin Highlighter,77.31,1637,532,87.21,10.23076923,41128.92,85124
MAC Cosmetics,Latin America,Mexico City,High-Street,Mall Kiosk,7/30/24,10/28/24,90,LE-7IQ8LPGP,MAC Cosmetics Glow Highlighter,65.72,1699,4625,95.89,51.38888889,303955,152910
Chanel,Middle East,Dubai,Department Store Atrium,Shop-in-Shop,4/30/24,7/27/24,88,LE-R6VKZ7YM,Chanel Pearl Blush,69.1,1711,1411,56.3,16.03409091,97500.1,150568
Bobbi Brown,Middle East,Dubai,Luxury Mall,Mall Kiosk,5/16/25,6/9/25,24,LE-OT2TUQWD,Bobbi Brown Rouge Primer,70.01,1686,3566,84.88,148.5833333,249655.66,40464
Rare Beauty,North America,Miami,Airport Duty-Free,Flash Event,1/4/25,3/14/25,69,LE-ONUVM8EG,Rare Beauty Satin Mascara,60.49,926,2109,63.31,30.56521739,127573.41,63894
Lancôme,Middle East,Jeddah,Art/Design District,Mall Kiosk,2/21/24,5/4/24,73,LE-4FJP5PLA,Lancôme Rouge Serum,116.22,1203,1137,72.28,15.57534247,132142.14,87819
Lancôme,Asia-Pacific,Tokyo,Luxury Mall,Mobile Pop-Up Truck,6/25/24,8/5/24,41,LE-NPJVC9IY,Lancôme Mirage Blush,49.76,1594,1230,62.15,30,61204.8,65354
Givenchy Beauty,Middle East,Riyadh,Department Store Atrium,Standalone Pop-Up,7/22/24,9/16/24,56,LE-Q0UNSQIT,Givenchy Beauty Satin Highlighter,51.75,1490,2694,91.54,48.10714286,139414.5,83440
NARS,Middle East,Abu Dhabi,High-Street,Mall Kiosk,12/16/24,1/30/25,45,LE-70NDDJQL,NARS Satin Foundation,95.14,1520,421,63.88,9.355555556,40053.94,68400
Hourglass,Asia-Pacific,Seoul,Luxury Mall,Shop-in-Shop,11/11/24,1/30/25,80,LE-U0U224MO,Hourglass Opulence Blush,68.86,1742,2978,59.9,37.225,205065.08,139360
Fenty Beauty,Latin America,Unknown,Department Store Atrium,Mobile Pop-Up Truck,11/12/24,1/3/25,52,LE-KEP297ZW,Fenty Beauty Velvet Eyeshadow Palette,67.76,778,1923,60.49,36.98076923,130302.48,40456
Estée Lauder,Middle East,Jeddah,Department Store Atrium,Flash Event,12/7/24,2/27/25,82,LE-I91IAWVN,Estée Lauder Opulence Mascara,69.07,1646,4409,94.84,53.76829268,304529.63,134972
Huda Beauty,Europe,London,Art/Design District,Standalone Pop-Up,3/15/25,4/14/25,30,LE-CH9UYFUE,Huda Beauty Lumière Serum,275.21,530,742,74.95,24.73333333,204205.82,15900
Hourglass,Latin America,Bogotá,Luxury Mall,Shop-in-Shop,4/26/25,6/10/25,45,LE-T7F6KUI7,Hourglass Glow Highlighter,66.84,1161,2973,74.53,66.06666667,198715.32,52245
Bobbi Brown,North America,Chicago,High-Street,Mall Kiosk,3/5/25,3/9/25,4,LE-7HUB8J21,Bobbi Brown Lumière Eyeshadow Palette,106.59,1704,2605,60.08,651.25,277666.95,6816
YSL Beauty,Asia-Pacific,Hong Kong,Luxury Mall,Flash Event,3/8/25,5/28/25,81,LE-69OOCVZO,YSL Beauty Opulence Blush,62.43,1537,1173,69.12,14.48148148,73230.39,124497
MAC Cosmetics,North America,Toronto,Art/Design District,Mobile Pop-Up Truck,7/6/24,8/27/24,52,LE-S4IY91PP,MAC Cosmetics Glow Serum,99.86,575,3088,89.56,59.38461538,308367.68,29900
Dior,Europe,Madrid,Art/Design District,Standalone Pop-Up,9/24/24,12/7/24,74,LE-VWER6F3A,Dior Velvet Primer,55.71,1184,4261,100,57.58108108,237380.31,87616
Tom Ford Beauty,Middle East,Riyadh,Art/Design District,Mall Kiosk,10/29/24,11/6/24,8,LE-FYFQJ81W,Tom Ford Beauty Satin Foundation,119.43,1211,1410,66.32,176.25,168396.3,9688
YSL Beauty,Europe,Milan,High-Street,Mall Kiosk,5/21/25,5/27/25,6,LE-24KJDRT8,YSL Beauty Velvet Setting Powder,42.31,1999,1756,44.05,292.6666667,74296.36,11994
Clé de Peau Beauté,Asia-Pacific,Tokyo,Luxury Mall,Mobile Pop-Up Truck,3/4/24,4/21/24,48,LE-XE64LL3Q,Clé de Peau Beauté Velvet Eyeshadow Palette,87.81,1598,2883,68.61,60.0625,253156.23,76704
Hourglass,Asia-Pacific,Tokyo,Luxury Mall,Mobile Pop-Up Truck,12/28/24,2/24/25,58,LE-124OIRLL,Hourglass Pearl Highlighter,68.73,1856,377,55.28,6.5,25911.21,107648
Sisley-Paris,Europe,Berlin,Department Store Atrium,Shop-in-Shop,5/18/24,6/11/24,24,LE-VSIXJPF1,Sisley-Paris Lumière Foundation,67.44,1397,4286,86.41,178.5833333,289047.84,33528
NARS,Asia-Pacific,Shanghai,Luxury Mall,Mobile Pop-Up Truck,7/8/24,8/2/24,25,LE-V0L683IF,NARS Glow Primer,66.17,1607,2186,54.86,87.44,144647.62,40175
Guerlain,Europe,Berlin,Airport Duty-Free,Mall Kiosk,6/25/24,7/4/24,9,LE-LT2C9P4A,Guerlain Satin Foundation,47.64,1805,165,57.89,18.33333333,7860.6,16245
Charlotte Tilbury,Europe,Madrid,High-Street,Shop-in-Shop,4/23/25,5/11/25,18,LE-UX849YAK,Charlotte Tilbury Glow Mascara,38.07,1899,619,59.52,34.38888889,23565.33,34182
Guerlain,Latin America,São Paulo,Art/Design District,Mall Kiosk,8/16/24,10/28/24,73,LE-9Z8YJ6AA,Guerlain Rouge Setting Powder,77.31,1249,636,63.79,8.712328767,49169.16,91177
Guerlain,Europe,Berlin,Art/Design District,Shop-in-Shop,3/19/24,6/12/24,85,LE-9KN5YYGP,Guerlain Mirage Serum,168.73,1080,2234,87.47,26.28235294,376942.82,91800
Clé de Peau Beauté,Middle East,Dubai,Luxury Mall,Mobile Pop-Up Truck,8/21/24,11/17/24,88,LE-F81GC15Z,Clé de Peau Beauté Mirage Highlighter,65.73,1434,2114,62.21,24.02272727,138953.22,126192
Sisley-Paris,North America,Chicago,Luxury Mall,Standalone Pop-Up,3/30/25,4/9/25,10,LE-G4B4IHLI,Sisley-Paris Mirage Fragrance,263.69,1182,609,54.04,60.9,160587.21,11820
Lancôme,Asia-Pacific,Unknown,Airport Duty-Free,Standalone Pop-Up,10/18/24,12/21/24,64,LE-BH0E49HT,Lancôme Opulence Eyeshadow Palette,51.2,2464,472,92.19,7.375,24166.4,157696
NARS,Latin America,Mexico City,Department Store Atrium,Flash Event,6/27/24,7/28/24,31,LE-JEVI7GHU,NARS Opulence Serum,259.56,1481,2262,56.62,72.96774194,587124.72,45911
Fenty Beauty,North America,Toronto,High-Street,Mall Kiosk,8/7/24,10/10/24,64,LE-CHJR6M5L,Fenty Beauty Velvet Foundation,100.05,3082,2042,88.9,31.90625,204302.1,197248
La Prairie,Middle East,Abu Dhabi,Luxury Mall,Shop-in-Shop,3/26/25,6/6/25,72,LE-6QQINO2I,La Prairie Rouge Mascara,67.71,883,2966,61.37,41.19444444,200827.86,63576
Lancôme,Latin America,Lima,Airport Duty-Free,Flash Event,8/16/24,9/27/24,42,LE-MZPBHH2B,Lancôme Éclat Serum,195.45,1779,4154,94.15,98.9047619,811899.3,74718
La Prairie,Middle East,Dubai,Art/Design District,Mobile Pop-Up Truck,7/3/25,8/10/25,38,LE-4BPJVPY5,La Prairie Mirage Fragrance,368.05,603,303,52.97,7.973684211,111519.15,22914
Guerlain,Latin America,Buenos Aires,Department Store Atrium,Mall Kiosk,11/10/24,1/1/25,52,LE-84Y9Q6VQ,Guerlain Velvet Eyeshadow Palette,142.58,1217,1991,76.93,38.28846154,283876.78,63284
Guerlain,Latin America,Buenos Aires,Department Store Atrium,Mall Kiosk,6/14/25,7/13/25,29,LE-4NKJDBYI,Guerlain Lumière Eyeshadow Palette,135.59,1800,2913,99.86,100.4482759,394973.67,52200
Estée Lauder,Europe,Madrid,Luxury Mall,Mobile Pop-Up Truck,3/24/24,5/17/24,54,LE-ROKC4GE4,Estée Lauder Mirage Serum,89.24,1307,1828,54.16,33.85185185,163130.72,70578
Fenty Beauty,Asia-Pacific,Tokyo,Luxury Mall,Flash Event,4/12/25,6/2/25,51,LE-RNLRT7AA,Fenty Beauty Rouge Serum,209.15,1522,2654,82.07,52.03921569,555084.1,77622
YSL Beauty,Europe,Madrid,High-Street,Flash Event,9/11/24,11/26/24,76,LE-IAKC773N,YSL Beauty Mirage Highlighter,53.83,1442,3145,93.35,41.38157895,169295.35,109592
NARS,Europe,Paris,Art/Design District,Mobile Pop-Up Truck,11/18/24,1/14/25,57,LE-03K53YN7,NARS Lumière Foundation,89.76,882,1432,85.65,25.12280702,128536.32,50274
Guerlain,Asia-Pacific,Hong Kong,High-Street,Mall Kiosk,3/22/24,5/10/24,49,LE-U3RGPCU7,Guerlain Lumière Highlighter,86.29,2915,4388,91.4,89.55102041,378640.52,142835
Sisley-Paris,North America,Miami,Art/Design District,Mall Kiosk,10/6/24,11/16/24,41,LE-UCNF6HPK,Sisley-Paris Velvet Mascara,67.97,679,258,78.42,6.292682927,17536.26,27839
Rare Beauty,North America,Miami,Art/Design District,Flash Event,8/10/24,10/16/24,67,LE-J5H0EQ8G,Rare Beauty Noir Fragrance,204.3,1117,1645,75.18,24.55223881,336073.5,74839
Givenchy Beauty,Middle East,Abu Dhabi,Airport Duty-Free,Mall Kiosk,4/28/25,6/9/25,42,LE-7OXTTIOW,Givenchy Beauty Noir Foundation,55.64,1536,3083,82.3,73.4047619,171538.12,64512
Pat McGrath Labs,Asia-Pacific,Singapore,Art/Design District,Standalone Pop-Up,10/10/24,10/28/24,18,LE-J3WOCXIT,Pat McGrath Labs Velvet Fragrance,198.81,953,3716,76.82,206.4444444,738777.96,17154
Pat McGrath Labs,Asia-Pacific,Hong Kong,High-Street,Flash Event,9/13/24,10/20/24,37,LE-PZVYNUDV,Pat McGrath Labs Glow Blush,52.74,1717,1699,82.36,45.91891892,89605.26,63529
Clé de Peau Beauté,North America,Toronto,Luxury Mall,Standalone Pop-Up,2/14/25,2/23/25,9,LE-B72I07VN,Clé de Peau Beauté Mirage Blush,39.13,1816,1325,49.83,147.2222222,51847.25,16344
Rare Beauty,Asia-Pacific,Hong Kong,High-Street,Mall Kiosk,10/19/24,1/8/25,81,LE-Q5WX4Y6P,Rare Beauty Satin Blush,46.24,2410,1897,52.32,23.41975309,87717.28,195210
NARS,Middle East,Dubai,Airport Duty-Free,Mobile Pop-Up Truck,11/14/24,12/8/24,24,LE-YHMXHUYJ,NARS Mirage Blush,34.25,1413,3466,99.48,144.4166667,118710.5,33912
Givenchy Beauty,Latin America,Bogotá,Luxury Mall,Mall Kiosk,12/24/24,1/23/25,30,LE-FDC8BY57,Givenchy Beauty Mirage Serum,266.22,1181,1066,43.35,35.53333333,283790.52,35430
Charlotte Tilbury,Europe,Paris,Department Store Atrium,Mall Kiosk,5/16/24,8/6/24,82,LE-2BGI8ONQ,Charlotte Tilbury Pearl Serum,217.52,1305,3592,79.17,43.80487805,781331.84,107010
YSL Beauty,Middle East,Riyadh,Department Store Atrium,Mall Kiosk,12/27/24,2/2/25,37,LE-QNXRGTOJ,YSL Beauty Noir Fragrance,114.14,1312,1298,56.81,35.08108108,148153.72,48544
Estée Lauder,Europe,Madrid,High-Street,Mobile Pop-Up Truck,9/19/24,10/1/24,12,LE-IUY9HK8O,Estée Lauder Rouge Setting Powder,67.8,2670,2262,60.97,188.5,153363.6,32040
Clé de Peau Beauté,Asia-Pacific,Singapore,Art/Design District,Standalone Pop-Up,1/15/25,3/15/25,59,LE-77SASU4N,Clé de Peau Beauté Velvet Fragrance,300.78,1221,2238,70.09,37.93220339,673145.64,72039
Lancôme,Europe,Milan,Art/Design District,Standalone Pop-Up,4/1/24,5/7/24,36,LE-L5WPA9YX,Lancôme Velvet Primer,60.29,1262,315,71.43,8.75,18991.35,45432
Chanel,North America,Los Angeles,Luxury Mall,Shop-in-Shop,4/4/25,5/21/25,47,LE-HEVUGXSY,Chanel Rouge Blush,67.52,1182,1277,58.77,27.17021277,86223.04,55554
Rare Beauty,Latin America,Lima,High-Street,Mobile Pop-Up Truck,5/27/25,7/7/25,41,LE-5KHQX1LZ,Rare Beauty Opulence Highlighter,79.69,1841,2715,73.18,66.2195122,216358.35,75481
Clé de Peau Beauté,Europe,Berlin,Luxury Mall,Mall Kiosk,5/13/24,7/21/24,69,LE-X0UF03RM,Clé de Peau Beauté Éclat Blush,54.94,1839,1704,61.92,24.69565217,93617.76,126891
Clé de Peau Beauté,Europe,Madrid,Art/Design District,Standalone Pop-Up,3/28/25,6/16/25,80,LE-3HQPBMFI,Clé de Peau Beauté Satin Serum,248.12,529,2500,72.17,31.25,620300,42320
Tom Ford Beauty,Middle East,Doha,Department Store Atrium,Mall Kiosk,9/25/24,11/1/24,37,LE-5HKJYSUV,Tom Ford Beauty Mirage Blush,48.94,679,673,90.09,18.18918919,32936.62,25123
Shiseido,Asia-Pacific,Tokyo,Airport Duty-Free,Mall Kiosk,4/27/25,7/16/25,80,LE-7ORYT3RF,Shiseido Satin Highlighter,51.47,1911,3768,90.71,47.1,193938.96,152880
Rare Beauty,Middle East,Dubai,Luxury Mall,Mobile Pop-Up Truck,1/14/25,3/31/25,76,LE-PCG6AY9K,Rare Beauty Velvet Serum,156.91,1010,2541,63.7,33.43421053,398708.31,76760
Shiseido,Asia-Pacific,Shanghai,Art/Design District,Flash Event,1/2/25,2/17/25,46,LE-ZIQPDZKO,Shiseido Opulence Mascara,55.86,766,1773,61.52,38.54347826,99039.78,35236
Armani Beauty,Asia-Pacific,Hong Kong,Airport Duty-Free,Standalone Pop-Up,9/23/24,12/12/24,80,LE-WH538XD4,Armani Beauty Noir Lipstick,58,886,2360,66.07,29.5,136880,70880
Clé de Peau Beauté,Middle East,Doha,Airport Duty-Free,Standalone Pop-Up,11/9/24,1/14/25,66,LE-PQN9F71G,Clé de Peau Beauté Glow Lipstick,38.64,1412,1055,63.21,15.98484848,40765.2,93192
Sisley-Paris,Latin America,Mexico City,Luxury Mall,Shop-in-Shop,4/24/25,7/21/25,88,LE-SE18E1RV,Sisley-Paris Pearl Blush,58.6,681,3759,78.26,42.71590909,220277.4,59928
Huda Beauty,Europe,Unknown,Airport Duty-Free,Shop-in-Shop,1/22/25,2/7/25,16,LE-GRYUDV6X,Huda Beauty Satin Fragrance,195.94,1089,1589,73.77,99.3125,311348.66,17424
Clé de Peau Beauté,Middle East,Doha,Airport Duty-Free,Mall Kiosk,6/18/25,7/15/25,27,LE-76I2MVKL,Clé de Peau Beauté Noir Foundation,72.72,2429,716,72.69,26.51851852,52067.52,65583
Armani Beauty,Asia-Pacific,Hong Kong,Department Store Atrium,Mobile Pop-Up Truck,1/31/25,3/31/25,59,LE-TDO21FT2,Armani Beauty Rouge Fragrance,205.76,1434,2406,59.93,40.77966102,495058.56,84606
Rare Beauty,Latin America,Lima,Department Store Atrium,Mobile Pop-Up Truck,1/28/25,3/11/25,42,LE-CBLZYP4D,Rare Beauty Éclat Setting Powder,44.81,615,359,92.29,8.547619048,16086.79,25830
Tom Ford Beauty,North America,New York,Department Store Atrium,Standalone Pop-Up,12/19/24,1/10/25,22,LE-1KC7PCZI,Tom Ford Beauty Noir Blush,56.59,788,2292,92.61,104.1818182,129704.28,17336
Rare Beauty,Europe,Unknown,Airport Duty-Free,Mall Kiosk,4/2/25,6/14/25,73,LE-4NRKLO36,Rare Beauty Pearl Foundation,83.31,1899,447,94.11,6.123287671,37239.57,138627
Dior,Middle East,Jeddah,Airport Duty-Free,Mall Kiosk,12/25/24,2/17/25,54,LE-104A8C50,Dior Glow Serum,118.29,2177,2318,75.98,42.92592593,274196.22,117558
Lancôme,Latin America,Lima,Luxury Mall,Mall Kiosk,6/27/25,7/23/25,26,LE-85G7VI8E,Lancôme Mirage Blush,35.83,1730,2434,53.44,93.61538462,87210.22,44980
Pat McGrath Labs,Middle East,Jeddah,Airport Duty-Free,Mall Kiosk,5/18/24,6/22/24,35,LE-4K67NR8H,Pat McGrath Labs Lumière Primer,47.56,1604,1393,49.03,39.8,66251.08,56140
Sisley-Paris,Latin America,Lima,Airport Duty-Free,Shop-in-Shop,4/27/25,5/23/25,26,LE-8VCGUVW6,Sisley-Paris Pearl Fragrance,391.91,1767,952,72.34,36.61538462,373098.32,45942
Givenchy Beauty,Asia-Pacific,Hong Kong,Airport Duty-Free,Mobile Pop-Up Truck,3/7/24,5/11/24,65,LE-0ILHUWX6,Givenchy Beauty Opulence Mascara,31.88,2003,3309,87.03,50.90769231,105490.92,130195
Shiseido,North America,Chicago,Luxury Mall,Mobile Pop-Up Truck,3/22/25,4/3/25,12,LE-181EKBYW,Shiseido Noir Lipstick,62.07,1769,1480,63.77,123.3333333,91863.6,21228
Rare Beauty,Latin America,Mexico City,Luxury Mall,Mall Kiosk,4/26/25,6/8/25,43,LE-U5PV7K8R,Rare Beauty Mirage Serum,144.27,1395,809,47.67,18.81395349,116714.43,59985
Fenty Beauty,North America,Los Angeles,High-Street,Mobile Pop-Up Truck,4/11/25,5/3/25,22,LE-XJC9MBGX,Fenty Beauty Noir Primer,37.32,2718,1995,67.56,90.68181818,74453.4,59796
Charlotte Tilbury,Asia-Pacific,Shanghai,Luxury Mall,Flash Event,5/18/25,8/6/25,80,LE-3PZGKP5J,Charlotte Tilbury Noir Lipstick,77.5,891,799,57.52,9.9875,61922.5,71280
MAC Cosmetics,North America,Miami,Art/Design District,Mall Kiosk,2/13/25,3/13/25,28,LE-UPYCEC6N,MAC Cosmetics Mirage Blush,61.96,699,2145,85.73,76.60714286,132904.2,19572
Clé de Peau Beauté,Asia-Pacific,Hong Kong,High-Street,Shop-in-Shop,2/19/24,5/3/24,74,LE-LWW3789M,Clé de Peau Beauté Noir Fragrance,390.39,2570,719,72.92,9.716216216,280690.41,190180
Bobbi Brown,Latin America,Buenos Aires,High-Street,Shop-in-Shop,2/1/25,3/12/25,39,LE-L6FPIKCA,Bobbi Brown Opulence Fragrance,296.42,2204,413,70.72,10.58974359,122421.46,85956
Armani Beauty,North America,Miami,High-Street,Standalone Pop-Up,12/12/24,2/4/25,54,LE-9J0P9T69,Armani Beauty Glow Eyeshadow Palette,135.45,2724,354,71.08,6.555555556,47949.3,147096
Rare Beauty,Middle East,Jeddah,Art/Design District,Mall Kiosk,5/10/24,7/7/24,58,LE-QOJHS84C,Rare Beauty Glow Mascara,30.24,646,1075,68.38,18.53448276,32508,37468
La Prairie,North America,Miami,Airport Duty-Free,Flash Event,5/23/25,8/1/25,70,LE-RKG7W8Q7,La Prairie Éclat Setting Powder,65.58,849,2224,50.87,31.77142857,145849.92,59430
Armani Beauty,Middle East,Dubai,High-Street,Standalone Pop-Up,4/17/24,5/17/24,30,LE-SYSIJODU,Armani Beauty Mirage Setting Powder,55.94,1011,2147,86.57,71.56666667,120103.18,30330
Hermès Beauty,North America,New York,Luxury Mall,Shop-in-Shop,6/13/24,8/4/24,52,LE-H9SZ2KED,Hermès Beauty Pearl Primer,69.4,879,2838,57.5,54.57692308,196957.2,45708
Chanel,Latin America,Bogotá,High-Street,Flash Event,1/2/25,2/5/25,34,LE-MFW77E09,Chanel Lumière Setting Powder,69.8,2099,540,64.29,15.88235294,37692,71366
Sisley-Paris,Middle East,Dubai,High-Street,Shop-in-Shop,5/25/24,7/3/24,39,LE-RSSTYIZK,Sisley-Paris Lumière Mascara,30.16,2172,1393,78.57,35.71794872,42012.88,84708
Lancôme,Asia-Pacific,Singapore,Luxury Mall,Mobile Pop-Up Truck,12/8/24,3/4/25,86,LE-5QQWBT0J,Lancôme Pearl Highlighter,58.98,1239,3330,82.36,38.72093023,196403.4,106554
Shiseido,North America,Los Angeles,Department Store Atrium,Standalone Pop-Up,1/23/25,4/12/25,79,LE-C3K60GZM,Shiseido Lumière Blush,54.41,726,3899,99.21,49.35443038,212144.59,57354
Armani Beauty,Asia-Pacific,Seoul,Airport Duty-Free,Standalone Pop-Up,6/15/24,8/6/24,52,LE-T7MNFLC4,Armani Beauty Rouge Foundation,81.09,1782,1312,87.23,25.23076923,106390.08,92664
Bobbi Brown,Europe,Berlin,Luxury Mall,Standalone Pop-Up,8/6/24,8/30/24,24,LE-4VITIKI4,Bobbi Brown Mirage Blush,63.61,1005,2348,58.95,97.83333333,149356.28,24120
Lancôme,Middle East,Riyadh,High-Street,Flash Event,6/21/24,9/2/24,73,LE-TIPE8I4Y,Lancôme Mirage Primer,46.35,2625,3928,87.95,53.80821918,182062.8,191625
YSL Beauty,Middle East,Riyadh,High-Street,Mobile Pop-Up Truck,4/4/24,6/29/24,86,LE-Q1LE14DB,YSL Beauty Mirage Eyeshadow Palette,83.3,1201,3838,96.07,44.62790698,319705.4,103286
Tom Ford Beauty,Europe,Madrid,Airport Duty-Free,Shop-in-Shop,12/25/24,3/24/25,89,LE-BHB5HBDA,Tom Ford Beauty Glow Mascara,54.95,1208,2766,66.55,31.07865169,151991.7,107512
Clé de Peau Beauté,Middle East,Abu Dhabi,Luxury Mall,Flash Event,10/22/24,12/22/24,61,LE-BEOWKCJ7,Clé de Peau Beauté Glow Primer,73.99,1853,1823,78.99,29.8852459,134883.77,113033
Estée Lauder,Latin America,Mexico City,Department Store Atrium,Standalone Pop-Up,10/2/24,10/9/24,7,LE-41FFHPP7,Estée Lauder Mirage Highlighter,70.99,1758,1560,93.47,222.8571429,110744.4,12306
Givenchy Beauty,Europe,Milan,Luxury Mall,Flash Event,3/31/25,6/8/25,69,LE-VQ7Z5OXL,Givenchy Beauty Mirage Mascara,59.89,854,526,60.95,7.623188406,31502.14,58926
YSL Beauty,Asia-Pacific,Hong Kong,Art/Design District,Shop-in-Shop,5/12/24,8/6/24,86,LE-G4H9D2R2,YSL Beauty Mirage Lipstick,34.46,524,576,86.88,6.697674419,19848.96,45064
Hermès Beauty,Europe,Milan,Department Store Atrium,Standalone Pop-Up,11/8/24,12/15/24,37,LE-5TT1D1IL,Hermès Beauty Mirage Foundation,94.58,787,2168,61.17,58.59459459,205049.44,29119
Rare Beauty,Middle East,Abu Dhabi,Department Store Atrium,Mall Kiosk,4/22/25,6/13/25,52,LE-K8U51WP4,Rare Beauty Glow Blush,45.82,700,1538,60.94,29.57692308,70471.16,36400
Hermès Beauty,Latin America,Bogotá,Airport Duty-Free,Mobile Pop-Up Truck,12/6/24,1/3/25,28,LE-JNGO47E8,Hermès Beauty Pearl Blush,59.68,1374,547,57.52,19.53571429,32644.96,38472
YSL Beauty,Latin America,Bogotá,High-Street,Standalone Pop-Up,4/30/25,5/29/25,29,LE-9JN6XMH1,YSL Beauty Mirage Foundation,102.25,2239,1016,66.58,35.03448276,103886,64931
Hourglass,Middle East,Abu Dhabi,High-Street,Shop-in-Shop,1/28/25,3/3/25,34,LE-2MUSNZH3,Hourglass Noir Setting Powder,43.99,1611,289,91.75,8.5,12713.11,54774
Valentino Beauty,Latin America,Bogotá,Department Store Atrium,Standalone Pop-Up,6/23/24,7/24/24,31,LE-46HCJVT1,Valentino Beauty Éclat Serum,185.6,1573,4067,99.44,131.1935484,754835.2,48763
Chanel,Latin America,São Paulo,Airport Duty-Free,Shop-in-Shop,4/11/24,5/26/24,45,LE-2XH122VD,Chanel Satin Fragrance,369.81,2244,1524,56.55,33.86666667,563590.44,100980
Tom Ford Beauty,Asia-Pacific,Hong Kong,Department Store Atrium,Standalone Pop-Up,5/18/24,8/9/24,83,LE-D107UXUX,Tom Ford Beauty Pearl Highlighter,38.69,1556,810,49.51,9.759036145,31338.9,129148
Charlotte Tilbury,Latin America,São Paulo,High-Street,Shop-in-Shop,9/9/24,12/6/24,88,LE-J3YUUHSM,Charlotte Tilbury Velvet Primer,63.52,1527,1482,87.8,16.84090909,94136.64,134376
Huda Beauty,Europe,Madrid,Luxury Mall,Mobile Pop-Up Truck,6/13/24,7/19/24,36,LE-JGMND4RR,Huda Beauty Mirage Serum,288.9,1570,1816,91.35,50.44444444,524642.4,56520
Chanel,Europe,Madrid,Luxury Mall,Shop-in-Shop,9/25/24,11/1/24,37,LE-M14BWED7,Chanel Satin Blush,61.95,868,2484,61.96,67.13513514,153883.8,32116
MAC Cosmetics,Europe,Berlin,High-Street,Standalone Pop-Up,9/3/24,9/18/24,15,LE-TPP0U3Z8,MAC Cosmetics Satin Mascara,33.94,996,1572,76.09,104.8,53353.68,14940
Hermès Beauty,Latin America,Lima,Luxury Mall,Flash Event,3/2/25,4/11/25,40,LE-C4TFBH7D,Hermès Beauty Pearl Blush,30.31,1300,1111,63.85,27.775,33674.41,52000
Chanel,Latin America,Bogotá,High-Street,Flash Event,4/23/24,6/20/24,58,LE-3MKHO64L,Chanel Pearl Eyeshadow Palette,114.02,2713,2603,83.7,44.87931034,296794.06,157354
Pat McGrath Labs,Asia-Pacific,Shanghai,Airport Duty-Free,Mall Kiosk,4/4/25,6/15/25,72,LE-OLES9VW7,Pat McGrath Labs Glow Primer,69.86,2289,2880,68.17,40,201196.8,164808
Fenty Beauty,Europe,Paris,Airport Duty-Free,Flash Event,4/22/25,5/18/25,26,LE-HM0UGGKF,Fenty Beauty Rouge Setting Powder,75.36,1229,2894,74.03,111.3076923,218091.84,31954
NARS,Middle East,Riyadh,Airport Duty-Free,Flash Event,8/4/24,8/17/24,13,LE-YN89TXL5,NARS Pearl Eyeshadow Palette,110.21,1645,293,67.05,22.53846154,32291.53,21385
NARS,Latin America,São Paulo,Art/Design District,Mall Kiosk,12/18/24,2/8/25,52,LE-FSAYRZFD,NARS Satin Highlighter,62.66,515,1999,74.87,38.44230769,125257.34,26780
Valentino Beauty,Middle East,Dubai,Airport Duty-Free,Flash Event,3/17/24,4/1/24,15,LE-HBUQHAY5,Valentino Beauty Noir Highlighter,58.81,1227,3025,79.56,201.6666667,177900.25,18405
MAC Cosmetics,North America,New York,Airport Duty-Free,Mall Kiosk,9/10/24,9/16/24,6,LE-8IWXHXC5,MAC Cosmetics Glow Mascara,45.91,1765,3040,77,506.6666667,139566.4,10590
Dior,North America,Chicago,Luxury Mall,Mobile Pop-Up Truck,3/18/24,4/30/24,43,LE-6WWQAVXW,Dior Glow Highlighter,73.69,2021,2248,72.77,52.27906977,165655.12,86903
Hourglass,Middle East,Riyadh,Art/Design District,Mall Kiosk,7/9/24,8/7/24,29,LE-GE03KQM4,Hourglass Opulence Lipstick,45.42,703,1155,67.31,39.82758621,52460.1,20387
Hermès Beauty,Middle East,Abu Dhabi,High-Street,Mobile Pop-Up Truck,6/23/24,8/23/24,61,LE-6VCZEZCV,Hermès Beauty Mirage Lipstick,68.1,2219,3736,85.39,61.24590164,254421.6,135359
Rare Beauty,Asia-Pacific,Tokyo,Airport Duty-Free,Mobile Pop-Up Truck,12/18/24,3/12/25,84,LE-YLL2RN3M,Rare Beauty Éclat Fragrance,97.69,2019,2105,95.25,25.05952381,205637.45,169596
Clé de Peau Beauté,North America,Los Angeles,High-Street,Shop-in-Shop,5/28/24,6/5/24,8,LE-4VMRTGF4,Clé de Peau Beauté Lumière Foundation,110.78,2526,1968,71.43,246,218015.04,20208
La Prairie,Europe,Madrid,High-Street,Shop-in-Shop,11/2/24,1/19/25,78,LE-RE4JLN7C,La Prairie Noir Highlighter,58.3,2371,3386,82.46,43.41025641,197403.8,184938
Valentino Beauty,Europe,Milan,Department Store Atrium,Shop-in-Shop,11/15/24,2/9/25,86,LE-Y9BDQR4V,Valentino Beauty Éclat Highlighter,59.38,1167,1976,67.26,22.97674419,117334.88,100362
Huda Beauty,Europe,Milan,Art/Design District,Flash Event,5/28/24,7/23/24,56,LE-7B15QBXK,Huda Beauty Glow Highlighter,43.43,835,1453,63.87,25.94642857,63103.79,46760
Rare Beauty,North America,New York,Luxury Mall,Flash Event,9/25/24,9/30/24,5,LE-15FOFRKZ,Rare Beauty Rouge Eyeshadow Palette,121.79,1051,2848,76.91,569.6,346857.92,5255
Clé de Peau Beauté,Asia-Pacific,Shanghai,Department Store Atrium,Standalone Pop-Up,12/24/24,1/24/25,31,LE-KDZYXPOA,Clé de Peau Beauté Mirage Serum,106.07,1506,3520,74.85,113.5483871,373366.4,46686
Lancôme,Europe,Paris,Airport Duty-Free,Mall Kiosk,4/26/25,5/22/25,26,LE-9APGLVGA,Lancôme Lumière Setting Powder,76.43,909,1654,74.5,63.61538462,126415.22,23634
Pat McGrath Labs,Middle East,Doha,Airport Duty-Free,Mall Kiosk,6/16/24,8/14/24,59,LE-TYZXMCEK,Pat McGrath Labs Velvet Eyeshadow Palette,114.27,1611,3068,62.73,52,350580.36,95049
La Prairie,Latin America,Lima,Airport Duty-Free,Standalone Pop-Up,6/19/24,7/24/24,35,LE-NHU70LY5,La Prairie Éclat Serum,213.68,1701,764,65.64,21.82857143,163251.52,59535
Hourglass,Europe,Paris,High-Street,Mall Kiosk,6/17/24,7/21/24,34,LE-JJ09T681,Hourglass Glow Mascara,68.24,2236,753,93.19,22.14705882,51384.72,76024
Charlotte Tilbury,Europe,Milan,High-Street,Shop-in-Shop,2/21/25,3/17/25,24,LE-YVR7JMPE,Charlotte Tilbury Éclat Highlighter,62.59,1881,2146,45.43,89.41666667,134318.14,45144
Hourglass,Middle East,Riyadh,Luxury Mall,Mall Kiosk,8/25/24,11/6/24,73,LE-CO3YFLEI,Hourglass Pearl Serum,204.34,851,3322,76.11,45.50684932,678817.48,62123
Valentino Beauty,Latin America,Mexico City,Luxury Mall,Shop-in-Shop,4/29/24,7/17/24,79,LE-HY1X1L61,Valentino Beauty Éclat Primer,46.48,2096,2342,89.77,29.64556962,108856.16,165584
MAC Cosmetics,North America,Toronto,Luxury Mall,Mall Kiosk,2/18/25,4/22/25,63,LE-XNI3B9RK,MAC Cosmetics Opulence Highlighter,78.32,838,1434,52.53,22.76190476,112310.88,52794
Tom Ford Beauty,Latin America,Mexico City,Department Store Atrium,Mobile Pop-Up Truck,6/25/24,8/31/24,67,LE-KIBW3HV6,Tom Ford Beauty Lumière Serum,92.73,1386,1534,51.24,22.89552239,142247.82,92862
Shiseido,Europe,Madrid,Department Store Atrium,Standalone Pop-Up,3/5/24,3/30/24,25,LE-7AW6UOB9,Shiseido Éclat Fragrance,383.08,1664,230,84.25,9.2,88108.4,41600
YSL Beauty,Middle East,Abu Dhabi,High-Street,Mall Kiosk,9/26/24,11/12/24,47,LE-JRCMDAAA,YSL Beauty Noir Highlighter,84.86,2152,2779,86.36,59.12765957,235825.94,101144
Lancôme,Europe,Madrid,High-Street,Standalone Pop-Up,11/28/24,1/19/25,52,LE-A6LX1BGF,Lancôme Rouge Mascara,30.53,2553,3845,80.86,73.94230769,117387.85,132756
Hermès Beauty,Latin America,Buenos Aires,Art/Design District,Mobile Pop-Up Truck,5/5/25,6/17/25,43,LE-N1500QJW,Hermès Beauty Lumière Mascara,52.1,1251,1186,68.63,27.58139535,61790.6,53793
Charlotte Tilbury,Asia-Pacific,Unknown,Airport Duty-Free,Mall Kiosk,11/27/24,12/16/24,19,LE-AT0NGX2N,Charlotte Tilbury Rouge Fragrance,103.45,1300,2999,77.51,157.8421053,310246.55,24700
Fenty Beauty,Middle East,Unknown,Department Store Atrium,Flash Event,11/29/24,1/12/25,44,LE-66ISOTJ0,Fenty Beauty Mirage Setting Powder,62.74,683,2655,84.29,60.34090909,166574.7,30052
Lancôme,Asia-Pacific,Hong Kong,Luxury Mall,Standalone Pop-Up,2/11/25,2/27/25,16,LE-BQGK8CVC,Lancôme Rouge Serum,200.43,1040,977,87.47,61.0625,195820.11,16640
Fenty Beauty,Latin America,Lima,Airport Duty-Free,Mobile Pop-Up Truck,8/6/25,8/11/25,5,LE-2ODXWZH5,Fenty Beauty Pearl Highlighter,58.2,1070,3475,77.95,695,202245,5350
Dior,North America,Chicago,Art/Design District,Mall Kiosk,12/10/24,1/29/25,50,LE-7A5ANDDQ,Dior Velvet Eyeshadow Palette,131.94,1032,3371,74.27,67.42,444769.74,51600
Lancôme,Latin America,Bogotá,Airport Duty-Free,Standalone Pop-Up,12/8/24,1/7/25,30,LE-LTD6L10A,Lancôme Glow Serum,105.49,1278,1865,76.06,62.16666667,196738.85,38340
Huda Beauty,Asia-Pacific,Tokyo,Department Store Atrium,Flash Event,2/4/25,2/24/25,20,LE-8VJPK3ZG,Huda Beauty Éclat Mascara,56.53,760,3179,100,158.95,179708.87,15200
Pat McGrath Labs,Europe,Berlin,Airport Duty-Free,Shop-in-Shop,2/17/25,3/4/25,15,LE-F6500LB2,Pat McGrath Labs Pearl Serum,135.45,1826,818,45.39,54.53333333,110798.1,27390
Dior,Middle East,Jeddah,Airport Duty-Free,Mobile Pop-Up Truck,3/15/25,5/21/25,67,LE-OY5YGZ46,Dior Glow Lipstick,51.68,1281,1685,71.49,25.14925373,87080.8,85827
Estée Lauder,North America,Miami,Airport Duty-Free,Flash Event,6/6/25,7/11/25,35,LE-2A3S7KN6,Estée Lauder Rouge Lipstick,70.37,1995,1916,88.29,54.74285714,134828.92,69825
YSL Beauty,North America,Los Angeles,Department Store Atrium,Shop-in-Shop,12/28/24,1/7/25,10,LE-D4RHGZB1,YSL Beauty Noir Mascara,65.03,989,2740,58.66,274,178182.2,9890
Hourglass,Middle East,Dubai,Luxury Mall,Standalone Pop-Up,12/14/24,12/26/24,12,LE-6BAFGWQW,Hourglass Opulence Serum,210.57,1312,2112,48.83,176,444723.84,15744
Dior,Latin America,Bogotá,High-Street,Standalone Pop-Up,9/28/24,11/22/24,55,LE-J9K9OL2S,Dior Opulence Primer,58.97,1093,1411,92.77,25.65454545,83206.67,60115
Shiseido,North America,New York,Department Store Atrium,Shop-in-Shop,7/11/24,9/12/24,63,LE-Q2S60PSK,Shiseido Opulence Lipstick,75.11,1521,267,81.16,4.238095238,20054.37,95823
Givenchy Beauty,North America,Los Angeles,Art/Design District,Mall Kiosk,12/15/24,2/22/25,69,LE-OXICESNC,Givenchy Beauty Rouge Mascara,39.02,813,1839,60.28,26.65217391,71757.78,56097
Bobbi Brown,Asia-Pacific,Hong Kong,High-Street,Flash Event,3/24/25,4/11/25,18,LE-NJW75B95,Bobbi Brown Velvet Mascara,71.61,2585,4749,98.22,263.8333333,340075.89,46530
Chanel,Europe,Berlin,Airport Duty-Free,Mall Kiosk,3/5/25,4/23/25,49,LE-8QZPWHVP,Chanel Lumière Mascara,43.72,1713,500,59.81,10.20408163,21860,83937
Sisley-Paris,Europe,London,Art/Design District,Mobile Pop-Up Truck,6/19/24,9/2/24,75,LE-1D5Y3ZBR,Sisley-Paris Glow Setting Powder,69.95,1303,1839,73.59,24.52,128638.05,97725
Huda Beauty,Latin America,Bogotá,Airport Duty-Free,Flash Event,8/6/24,10/14/24,69,LE-ERZLGD1L,Huda Beauty Opulence Serum,245.82,1140,1685,65.08,24.42028986,414206.7,78660
Estée Lauder,North America,Chicago,Art/Design District,Mall Kiosk,1/14/25,1/30/25,16,LE-VP0VTIXZ,Estée Lauder Éclat Fragrance,235.91,580,244,97.6,15.25,57562.04,9280
NARS,Middle East,Riyadh,High-Street,Standalone Pop-Up,11/19/24,1/15/25,57,LE-IUP6YFCR,NARS Satin Mascara,50.33,1945,512,44.41,8.98245614,25768.96,110865
Hourglass,Middle East,Doha,Art/Design District,Flash Event,4/22/24,5/2/24,10,LE-C0CT3XYA,Hourglass Pearl Eyeshadow Palette,55.42,1272,802,66.72,80.2,44446.84,12720
NARS,Asia-Pacific,Hong Kong,High-Street,Mall Kiosk,12/15/24,2/18/25,65,LE-ARFANHJT,NARS Satin Eyeshadow Palette,96.19,2064,1013,84,15.58461538,97440.47,134160
Guerlain,Europe,Berlin,Art/Design District,Mall Kiosk,4/27/25,6/20/25,54,LE-BUT9S4XR,Guerlain Noir Foundation,61.14,603,589,53.11,10.90740741,36011.46,32562
Estée Lauder,Europe,Milan,High-Street,Mobile Pop-Up Truck,9/28/24,10/28/24,30,LE-379Z7TE2,Estée Lauder Noir Eyeshadow Palette,148.76,1651,620,81.79,20.66666667,92231.2,49530
Givenchy Beauty,Middle East,Doha,Luxury Mall,Mobile Pop-Up Truck,11/21/24,12/13/24,22,LE-R9JXFTY4,Givenchy Beauty Noir Blush,32.27,1593,4634,98.6,210.6363636,149539.18,35046
Shiseido,Asia-Pacific,Shanghai,Luxury Mall,Standalone Pop-Up,5/30/24,8/15/24,77,LE-ZDZCLPE2,Shiseido Glow Highlighter,60.84,2022,3920,78.54,50.90909091,238492.8,155694
Armani Beauty,Middle East,Jeddah,Luxury Mall,Mall Kiosk,10/18/24,12/10/24,53,LE-9IUTMMUE,Armani Beauty Pearl Lipstick,50.61,1122,1328,69.35,25.05660377,67210.08,59466
Fenty Beauty,Asia-Pacific,Singapore,High-Street,Standalone Pop-Up,3/13/25,6/2/25,81,LE-NGUURRU4,Fenty Beauty Opulence Eyeshadow Palette,73.83,1894,2574,81.02,31.77777778,190038.42,153414
La Prairie,North America,Toronto,Luxury Mall,Shop-in-Shop,8/10/24,10/24/24,75,LE-ITSSJPKE,La Prairie Éclat Highlighter,68.92,730,3558,85.16,47.44,245217.36,54750
Shiseido,Asia-Pacific,Seoul,Luxury Mall,Standalone Pop-Up,2/22/25,5/19/25,86,LE-DIHEYG4C,Shiseido Velvet Primer,52.09,1871,787,65.97,9.151162791,40994.83,160906
Estée Lauder,Middle East,Riyadh,Airport Duty-Free,Shop-in-Shop,3/17/24,6/13/24,88,LE-5A101AGA,Estée Lauder Opulence Primer,46.56,1696,2508,58.75,28.5,116772.48,149248
Hermès Beauty,Middle East,Abu Dhabi,Art/Design District,Flash Event,4/10/25,7/5/25,86,LE-DKDGYRST,Hermès Beauty Rouge Serum,256.19,1237,2155,92.41,25.05813953,552089.45,106382
MAC Cosmetics,Europe,Milan,Airport Duty-Free,Mobile Pop-Up Truck,7/15/24,9/26/24,73,LE-WUNL1PRK,MAC Cosmetics Velvet Setting Powder,59.72,1357,197,59.52,2.698630137,11764.84,99061
Shiseido,Asia-Pacific,Hong Kong,Art/Design District,Mobile Pop-Up Truck,4/16/25,6/2/25,47,LE-MZW4THMT,Shiseido Pearl Primer,42.38,767,969,68.29,20.61702128,41066.22,36049
Chanel,North America,Chicago,Airport Duty-Free,Standalone Pop-Up,9/29/24,10/31/24,32,LE-W55O08HP,Chanel Glow Eyeshadow Palette,61.21,2236,3404,73.98,106.375,208358.84,71552
Clé de Peau Beauté,Asia-Pacific,Tokyo,High-Street,Mall Kiosk,8/15/24,10/18/24,64,LE-0TVVLHSI,Clé de Peau Beauté Mirage Highlighter,81.11,1953,772,58.71,12.0625,62616.92,124992
Charlotte Tilbury,Asia-Pacific,Hong Kong,Luxury Mall,Mobile Pop-Up Truck,3/10/25,5/22/25,73,LE-39J5BWCH,Charlotte Tilbury Mirage Primer,79.8,1778,2099,77.91,28.75342466,167500.2,129794
NARS,Europe,London,Art/Design District,Flash Event,11/1/24,11/11/24,10,LE-3UZQNNUS,NARS Glow Eyeshadow Palette,55.92,704,3040,70.73,304,169996.8,7040
Givenchy Beauty,Asia-Pacific,Hong Kong,Airport Duty-Free,Mobile Pop-Up Truck,1/30/25,2/6/25,7,LE-NF3P9BES,Givenchy Beauty Lumière Fragrance,232.01,1243,1858,63.48,265.4285714,431074.58,8701
Estée Lauder,Europe,Paris,Luxury Mall,Shop-in-Shop,9/24/24,10/19/24,25,LE-04IMVEC8,Estée Lauder Glow Blush,47.8,1084,1463,90.09,58.52,69931.4,27100
Sisley-Paris,Europe,London,Luxury Mall,Mobile Pop-Up Truck,7/26/24,10/8/24,74,LE-GI3E7RJM,Sisley-Paris Mirage Setting Powder,75.82,1497,2009,48.93,27.14864865,152322.38,110778
Hermès Beauty,Europe,Paris,Luxury Mall,Flash Event,8/8/24,10/24/24,77,LE-AQ2FIV23,Hermès Beauty Noir Eyeshadow Palette,143.46,1868,767,48.51,9.961038961,110033.82,143836
Huda Beauty,North America,Miami,Art/Design District,Standalone Pop-Up,5/3/25,6/21/25,49,LE-EAUN55FK,Huda Beauty Mirage Mascara,48.2,1230,3921,83.6,80.02040816,188992.2,60270
Armani Beauty,Latin America,Buenos Aires,Department Store Atrium,Standalone Pop-Up,7/3/25,7/24/25,21,LE-AU99AG00,Armani Beauty Noir Highlighter,58.26,1656,821,92.25,39.0952381,47831.46,34776
MAC Cosmetics,Middle East,Dubai,Department Store Atrium,Mall Kiosk,2/20/25,5/19/25,88,LE-BTTII2PZ,MAC Cosmetics Lumière Eyeshadow Palette,58.02,1742,674,69.34,7.659090909,39105.48,153296
Tom Ford Beauty,Latin America,Bogotá,High-Street,Standalone Pop-Up,9/1/24,9/13/24,12,LE-VZN3C35Y,Tom Ford Beauty Glow Fragrance,226.14,2656,2370,82.32,197.5,535951.8,31872
Armani Beauty,Europe,Paris,High-Street,Standalone Pop-Up,6/24/24,8/1/24,38,LE-B9JWQ31V,Armani Beauty Opulence Setting Powder,80.24,1770,1522,44.65,40.05263158,122125.28,67260
Lancôme,Europe,Madrid,Art/Design District,Shop-in-Shop,9/25/24,11/28/24,64,LE-6U6UQY1T,Lancôme Glow Serum,293.29,827,1716,67.14,26.8125,503285.64,52928
Estée Lauder,Latin America,Lima,Luxury Mall,Flash Event,12/5/24,12/22/24,17,LE-JGU79HLZ,Estée Lauder Rouge Mascara,35.08,1450,245,87.5,14.41176471,8594.6,24650
Hermès Beauty,Latin America,Lima,Art/Design District,Mall Kiosk,4/13/24,5/6/24,23,LE-LTJQQ79K,Hermès Beauty Noir Setting Powder,69.41,1174,1326,46.62,57.65217391,92037.66,27002
Bobbi Brown,Latin America,Mexico City,Luxury Mall,Flash Event,5/15/24,7/25/24,71,LE-72IOIR3F,Bobbi Brown Mirage Primer,68.24,785,1897,92.4,26.71830986,129451.28,55735
YSL Beauty,North America,Chicago,Airport Duty-Free,Flash Event,8/11/24,9/1/24,21,LE-VPMD0IZT,YSL Beauty Glow Eyeshadow Palette,78.74,1221,207,76.38,9.857142857,16299.18,25641
Fenty Beauty,Europe,Milan,Luxury Mall,Mall Kiosk,4/12/24,5/9/24,27,LE-N6SXRR7F,Fenty Beauty Opulence Fragrance,287.33,1498,2487,63.07,92.11111111,714589.71,40446
Chanel,Latin America,Buenos Aires,High-Street,Shop-in-Shop,5/22/24,7/26/24,65,LE-S68ECEFZ,Chanel Opulence Fragrance,143.73,1005,3485,69.87,53.61538462,500899.05,65325
Tom Ford Beauty,Asia-Pacific,Tokyo,High-Street,Standalone Pop-Up,3/16/24,5/27/24,72,LE-65AAGHFZ,Tom Ford Beauty Éclat Lipstick,43.92,2162,968,87.52,13.44444444,42514.56,155664
Givenchy Beauty,Europe,Berlin,High-Street,Shop-in-Shop,6/22/25,7/19/25,27,LE-AI8J09Q6,Givenchy Beauty Rouge Lipstick,67.22,1045,3351,76.09,124.1111111,225254.22,28215
YSL Beauty,Europe,Milan,Department Store Atrium,Mobile Pop-Up Truck,10/8/24,11/1/24,24,LE-FGQH8GXW,YSL Beauty Mirage Mascara,57.63,1558,1965,87.33,81.875,113242.95,37392
Armani Beauty,Middle East,Doha,Department Store Atrium,Standalone Pop-Up,3/6/25,6/1/25,87,LE-PZE72E6U,Armani Beauty Rouge Blush,42.56,1720,595,94.15,6.83908046,25323.2,149640
Hermès Beauty,Europe,Madrid,High-Street,Standalone Pop-Up,6/9/24,8/16/24,68,LE-U7J9MXG2,Hermès Beauty Lumière Highlighter,41.51,1028,2488,57.87,36.58823529,103276.88,69904
Hourglass,Middle East,Riyadh,Art/Design District,Shop-in-Shop,3/18/24,6/16/24,90,LE-6LB3HXWZ,Hourglass Glow Fragrance,287.97,862,1527,75.44,16.96666667,439730.19,77580
Tom Ford Beauty,Middle East,Abu Dhabi,Art/Design District,Standalone Pop-Up,5/11/25,8/1/25,82,LE-5DNVJRQD,Tom Ford Beauty Velvet Fragrance,395.26,930,876,94.19,10.68292683,346247.76,76260
Lancôme,Latin America,São Paulo,Department Store Atrium,Standalone Pop-Up,5/22/24,7/29/24,68,LE-T53XWPF8,Lancôme Pearl Fragrance,235.07,734,2321,51.74,34.13235294,545597.47,49912
Armani Beauty,North America,Miami,Department Store Atrium,Shop-in-Shop,11/9/24,12/22/24,43,LE-1CQX4T3N,Armani Beauty Mirage Primer,76.18,1778,3570,82.89,83.02325581,271962.6,76454
Bobbi Brown,Latin America,Bogotá,Airport Duty-Free,Shop-in-Shop,5/3/25,5/26/25,23,LE-UMYEYJ57,Bobbi Brown Éclat Highlighter,55.21,1224,747,58.54,32.47826087,41241.87,28152
Lancôme,Europe,Milan,High-Street,Shop-in-Shop,1/9/25,2/26/25,48,LE-JPUM1NSP,Lancôme Lumière Primer,71.06,2553,614,57.06,12.79166667,43630.84,122544
Estée Lauder,Latin America,Mexico City,High-Street,Mall Kiosk,3/30/24,5/28/24,59,LE-KTQ0RRJM,Estée Lauder Noir Blush,55.53,2243,1523,68.48,25.81355932,84572.19,132337
Chanel,North America,New York,Art/Design District,Mobile Pop-Up Truck,2/9/25,4/26/25,76,LE-7JLQDZ4B,Chanel Éclat Foundation,101.96,729,3723,83.46,48.98684211,379597.08,55404
Pat McGrath Labs,Middle East,Riyadh,High-Street,Mall Kiosk,7/9/24,8/17/24,39,LE-N4QSW0BT,Pat McGrath Labs Éclat Blush,52.34,1890,1173,53.83,30.07692308,61394.82,73710
YSL Beauty,Asia-Pacific,Hong Kong,Airport Duty-Free,Flash Event,9/16/24,10/28/24,42,LE-A4DGE21D,YSL Beauty Noir Highlighter,76.52,1474,4092,96.67,97.42857143,313119.84,61908
Dior,Europe,Berlin,High-Street,Mall Kiosk,3/8/24,4/21/24,44,LE-SMBE7AZ2,Dior Glow Setting Powder,53.59,2843,2706,88.93,61.5,145014.54,125092
Guerlain,North America,Miami,Department Store Atrium,Standalone Pop-Up,7/16/25,7/21/25,5,LE-Q6ULWUV4,Guerlain Noir Highlighter,42.71,1445,2701,91.93,540.2,115359.71,7225
Fenty Beauty,Latin America,Lima,Airport Duty-Free,Standalone Pop-Up,3/14/24,4/29/24,46,LE-8UUD658V,Fenty Beauty Rouge Lipstick,62,971,2656,54.94,57.73913043,164672,44666
Tom Ford Beauty,Asia-Pacific,Tokyo,Luxury Mall,Mobile Pop-Up Truck,5/5/24,6/20/24,46,LE-E9VLRUPV,Tom Ford Beauty Éclat Setting Powder,52.68,1428,1837,47.57,39.93478261,96773.16,65688
Dior,Latin America,São Paulo,Art/Design District,Mobile Pop-Up Truck,7/17/25,8/10/25,24,LE-HH2AGFDR,Dior Glow Blush,45.91,674,1212,55.75,50.5,55642.92,16176
Charlotte Tilbury,Europe,Berlin,Luxury Mall,Mobile Pop-Up Truck,2/20/25,3/16/25,24,LE-PA1OKYJT,Charlotte Tilbury Velvet Eyeshadow Palette,65.07,1694,2376,66.89,99,154606.32,40656
Guerlain,Asia-Pacific,Shanghai,Department Store Atrium,Flash Event,1/16/25,2/20/25,35,LE-BHNXJOJP,Guerlain Opulence Eyeshadow Palette,93.53,1076,681,64.67,19.45714286,63693.93,37660
Shiseido,Europe,Milan,Department Store Atrium,Flash Event,8/26/24,10/10/24,45,LE-RHNTG4IO,Shiseido Éclat Fragrance,339.17,1451,2981,71.11,66.24444444,1011065.77,65295
Shiseido,Latin America,Bogotá,Luxury Mall,Flash Event,5/13/25,7/15/25,63,LE-GVEGLPF6,Shiseido Éclat Serum,177.17,2055,1194,95.44,18.95238095,211540.98,129465
Fenty Beauty,Asia-Pacific,Seoul,High-Street,Shop-in-Shop,5/10/25,5/14/25,4,LE-BQ6PS1IU,Fenty Beauty Velvet Highlighter,79.08,1241,866,72.59,216.5,68483.28,4964
MAC Cosmetics,Latin America,Lima,High-Street,Mall Kiosk,9/3/24,9/15/24,12,LE-Z8RK75B0,MAC Cosmetics Satin Lipstick,68.08,1988,3110,71.74,259.1666667,211728.8,23856
Givenchy Beauty,North America,Chicago,Luxury Mall,Shop-in-Shop,1/30/25,2/25/25,26,LE-DQDF4Z34,Givenchy Beauty Mirage Eyeshadow Palette,140.77,782,1842,53.27,70.84615385,259298.34,20332
Shiseido,Europe,Madrid,High-Street,Mall Kiosk,1/22/25,2/14/25,23,LE-NOJ87Y1I,Shiseido Opulence Fragrance,183.49,2643,2572,69.99,111.826087,471936.28,60789
YSL Beauty,North America,Los Angeles,Luxury Mall,Standalone Pop-Up,5/11/24,5/29/24,18,LE-PR35YXTU,YSL Beauty Noir Eyeshadow Palette,56.9,1602,3707,93.82,205.9444444,210928.3,28836
Lancôme,North America,Chicago,Airport Duty-Free,Shop-in-Shop,12/18/24,1/9/25,22,LE-4MNAF30G,Lancôme Mirage Setting Powder,78.66,935,1969,52.17,89.5,154881.54,20570
YSL Beauty,North America,Los Angeles,Department Store Atrium,Flash Event,6/19/25,7/8/25,19,LE-QSRT3OUI,YSL Beauty Éclat Serum,201.69,1661,1102,79.91,58,222262.38,31559
Hourglass,Europe,Berlin,High-Street,Mobile Pop-Up Truck,5/10/24,7/7/24,58,LE-YWFQDW31,Hourglass Mirage Serum,152.15,1003,1343,86.65,23.15517241,204337.45,58174
MAC Cosmetics,Middle East,Abu Dhabi,Art/Design District,Mobile Pop-Up Truck,4/13/24,6/7/24,55,LE-Y6SXCHHP,MAC Cosmetics Mirage Fragrance,201.89,628,1322,49.4,24.03636364,266898.58,34540
YSL Beauty,Europe,London,Airport Duty-Free,Shop-in-Shop,1/20/25,3/24/25,63,LE-LJ3NHP4P,YSL Beauty Rouge Eyeshadow Palette,114.03,2067,699,69.21,11.0952381,79706.97,130221
La Prairie,Asia-Pacific,Hong Kong,Art/Design District,Mall Kiosk,6/4/24,8/25/24,82,LE-LSTXH42P,La Prairie Pearl Eyeshadow Palette,100.34,853,4016,89.52,48.97560976,402965.44,69946
Charlotte Tilbury,Latin America,Lima,Airport Duty-Free,Shop-in-Shop,11/21/24,2/17/25,88,LE-ZVZBD66X,Charlotte Tilbury Rouge Fragrance,232.19,1437,1085,92.66,12.32954545,251926.15,126456
Huda Beauty,Europe,Madrid,Airport Duty-Free,Mall Kiosk,8/20/24,9/14/24,25,LE-GG5ON9IH,Huda Beauty Pearl Blush,65.42,1056,686,49.78,27.44,44878.12,26400
Fenty Beauty,Asia-Pacific,Singapore,Airport Duty-Free,Flash Event,3/7/25,5/18/25,72,LE-ACK7DQ9H,Fenty Beauty Pearl Setting Powder,46.2,2003,334,89.54,4.638888889,15430.8,144216
Hourglass,North America,Miami,Luxury Mall,Flash Event,12/8/24,1/23/25,46,LE-1VRNDNQE,Hourglass Satin Fragrance,396.49,1366,3369,70.84,73.23913043,1335774.81,62836
Dior,North America,New York,High-Street,Flash Event,11/19/24,12/16/24,27,LE-KA4SCKB9,Dior Mirage Foundation,58.87,2476,561,61.72,20.77777778,33026.07,66852
Charlotte Tilbury,Middle East,Riyadh,Luxury Mall,Flash Event,10/1/24,10/10/24,9,LE-CK3XA4PE,Charlotte Tilbury Mirage Blush,52.8,701,1511,68.22,167.8888889,79780.8,6309
Clé de Peau Beauté,Middle East,Abu Dhabi,Airport Duty-Free,Mobile Pop-Up Truck,10/8/24,11/1/24,24,LE-CJLM37KD,Clé de Peau Beauté Velvet Mascara,70.73,1138,2052,76.91,85.5,145137.96,27312
Chanel,North America,Unknown,High-Street,Flash Event,3/9/25,6/6/25,89,LE-QH2GBXH3,Chanel Opulence Blush,43.65,2717,1306,56.44,14.6741573,57006.9,241813
Charlotte Tilbury,Middle East,Riyadh,Luxury Mall,Mall Kiosk,1/10/25,2/16/25,37,LE-MFHGC1T5,Charlotte Tilbury Rouge Setting Powder,46.07,1118,1841,71.69,49.75675676,84814.87,41366
Estée Lauder,Middle East,Jeddah,Airport Duty-Free,Mall Kiosk,6/24/24,7/5/24,11,LE-EPUQMF39,Estée Lauder Opulence Foundation,59.78,2351,1981,58.96,180.0909091,118424.18,25861
NARS,Asia-Pacific,Hong Kong,High-Street,Mobile Pop-Up Truck,4/19/24,6/14/24,56,LE-3ONQCS9D,NARS Lumière Eyeshadow Palette,78.12,2624,2842,65.79,50.75,222017.04,146944
Clé de Peau Beauté,North America,Toronto,Department Store Atrium,Standalone Pop-Up,3/20/25,4/19/25,30,LE-C89J9C7K,Clé de Peau Beauté Éclat Serum,273.67,1619,582,55.11,19.4,159275.94,48570
Rare Beauty,Asia-Pacific,Hong Kong,High-Street,Flash Event,3/7/24,6/5/24,90,LE-JZRTBXOJ,Rare Beauty Satin Primer,38.17,1981,1583,72.12,17.58888889,60423.11,178290
NARS,North America,Toronto,Luxury Mall,Mall Kiosk,2/20/25,4/11/25,50,LE-8UZ7HNRE,NARS Éclat Setting Powder,42.95,1405,869,64.42,17.38,37323.55,70250
Estée Lauder,Europe,Unknown,Luxury Mall,Flash Event,7/5/24,8/16/24,42,LE-NO9CYOY2,Estée Lauder Rouge Fragrance,179.9,879,1054,61.17,25.0952381,189614.6,36918
Charlotte Tilbury,North America,Los Angeles,Airport Duty-Free,Shop-in-Shop,2/23/24,3/30/24,36,LE-50VKEVT5,Charlotte Tilbury Lumière Serum,123.14,2310,344,87.76,9.555555556,42360.16,83160
Pat McGrath Labs,Latin America,Buenos Aires,Luxury Mall,Flash Event,4/15/25,5/25/25,40,LE-0OTFX4ZF,Pat McGrath Labs Mirage Blush,62.29,1120,2106,53.3,52.65,131182.74,44800
YSL Beauty,Middle East,Riyadh,High-Street,Mobile Pop-Up Truck,6/16/25,7/15/25,29,LE-4CERQVZW,YSL Beauty Mirage Blush,63.49,1359,3866,86.24,133.3103448,245452.34,39411
Shiseido,Latin America,Buenos Aires,Airport Duty-Free,Flash Event,4/20/25,5/25/25,35,LE-P9S0YXH7,Shiseido Satin Highlighter,65.4,1544,3127,87.2,89.34285714,204505.8,54040
Clé de Peau Beauté,North America,Miami,High-Street,Mall Kiosk,10/7/24,11/13/24,37,LE-N55PZ42W,Clé de Peau Beauté Velvet Setting Powder,63.23,1427,1126,80.43,30.43243243,71196.98,52799
NARS,Latin America,Bogotá,Department Store Atrium,Shop-in-Shop,1/22/25,3/16/25,53,LE-7EL0MOIO,NARS Lumière Highlighter,68.36,1172,2857,79.01,53.90566038,195304.52,62116
Dior,North America,Los Angeles,Airport Duty-Free,Mobile Pop-Up Truck,12/12/24,12/28/24,16,LE-E1ZHGFAU,Dior Glow Setting Powder,72.19,1443,2416,62.87,151,174411.04,23088
YSL Beauty,Middle East,Riyadh,Airport Duty-Free,Shop-in-Shop,6/7/24,6/15/24,8,LE-RGJ3UO8A,YSL Beauty Satin Fragrance,94.42,2229,676,76.82,84.5,63827.92,17832
Clé de Peau Beauté,Asia-Pacific,Hong Kong,High-Street,Mobile Pop-Up Truck,1/28/25,2/13/25,16,LE-94RPO85M,Clé de Peau Beauté Glow Lipstick,63.36,1531,4499,90.07,281.1875,285056.64,24496
Armani Beauty,North America,Toronto,Art/Design District,Mobile Pop-Up Truck,5/18/24,7/28/24,71,LE-CXXSAP62,Armani Beauty Éclat Primer,53.87,1198,330,87.53,4.647887324,17777.1,85058
Charlotte Tilbury,Middle East,Dubai,Department Store Atrium,Standalone Pop-Up,7/3/24,8/23/24,51,LE-XIVQDYKK,Charlotte Tilbury Lumière Highlighter,58.44,1687,1904,85.27,37.33333333,111269.76,86037
Valentino Beauty,North America,Los Angeles,Art/Design District,Shop-in-Shop,3/7/24,5/20/24,74,LE-UV88S14A,Valentino Beauty Rouge Setting Powder,53.57,1356,3608,92.75,48.75675676,193280.56,100344
Guerlain,Europe,Milan,Art/Design District,Mobile Pop-Up Truck,6/16/24,8/30/24,75,LE-4ZIZMZ41,Guerlain Pearl Highlighter,54.74,439,859,55.89,11.45333333,47021.66,32925
Hourglass,Europe,Madrid,Airport Duty-Free,Standalone Pop-Up,11/8/24,11/18/24,10,LE-7A96VL2H,Hourglass Velvet Highlighter,41.44,825,2503,74.36,250.3,103724.32,8250
Guerlain,Europe,Paris,Luxury Mall,Standalone Pop-Up,4/16/25,5/20/25,34,LE-46GYTB5Z,Guerlain Mirage Eyeshadow Palette,116.23,1629,1992,51.97,58.58823529,231530.16,55386
Estée Lauder,Middle East,Abu Dhabi,Department Store Atrium,Mall Kiosk,8/26/24,8/30/24,4,LE-U6RZB1NT,Estée Lauder Pearl Highlighter,68.97,936,331,69.68,82.75,22829.07,3744
MAC Cosmetics,North America,Toronto,Department Store Atrium,Flash Event,4/10/25,6/29/25,80,LE-ADEUUXL6,MAC Cosmetics Pearl Foundation,73.49,579,1198,52.75,14.975,88041.02,46320
Hourglass,Europe,Madrid,Airport Duty-Free,Mall Kiosk,12/2/24,12/29/24,27,LE-GQ70RANI,Hourglass Glow Serum,291.26,2031,265,49.35,9.814814815,77183.9,54837
Sisley-Paris,Latin America,Buenos Aires,Art/Design District,Mobile Pop-Up Truck,9/23/24,9/28/24,5,LE-UBSESC4L,Sisley-Paris Mirage Primer,69.98,1316,1199,79.77,239.8,83906.02,6580
Givenchy Beauty,Middle East,Abu Dhabi,Airport Duty-Free,Shop-in-Shop,4/9/24,5/3/24,24,LE-RXZISZG4,Givenchy Beauty Mirage Setting Powder,83.57,1642,218,47.81,9.083333333,18218.26,39408
Armani Beauty,North America,Toronto,Art/Design District,Mall Kiosk,1/28/25,2/15/25,18,LE-VRD262LD,Armani Beauty Opulence Foundation,52.6,950,1320,85.71,73.33333333,69432,17100
Dior,Asia-Pacific,Singapore,Art/Design District,Flash Event,7/17/24,7/29/24,12,LE-53K9IZMD,Dior Satin Highlighter,39.79,975,263,92.61,21.91666667,10464.77,11700
Huda Beauty,Europe,London,High-Street,Mall Kiosk,11/18/24,2/12/25,86,LE-6Z7EG47M,Huda Beauty Glow Setting Powder,55.75,1546,2930,74.27,34.06976744,163347.5,132956
Tom Ford Beauty,Asia-Pacific,Singapore,Luxury Mall,Standalone Pop-Up,11/5/24,11/9/24,4,LE-SOEF87SN,Tom Ford Beauty Rouge Highlighter,86.4,815,1502,62.35,375.5,129772.8,3260
Rare Beauty,Latin America,Mexico City,Art/Design District,Standalone Pop-Up,10/29/24,12/3/24,35,LE-MYF15375,Rare Beauty Noir Blush,50.48,493,1895,60.08,54.14285714,95659.6,17255
YSL Beauty,Latin America,Mexico City,Department Store Atrium,Standalone Pop-Up,9/14/24,10/26/24,42,LE-LL5XV1R2,YSL Beauty Mirage Highlighter,67.56,700,1419,67.16,33.78571429,95867.64,29400
Valentino Beauty,Latin America,Lima,Department Store Atrium,Standalone Pop-Up,10/8/24,12/2/24,55,LE-BC2NE495,Valentino Beauty Pearl Fragrance,335.26,927,3580,86.66,65.09090909,1200230.8,50985
Chanel,Latin America,Bogotá,Department Store Atrium,Mobile Pop-Up Truck,5/18/25,7/22/25,65,LE-FIP6KF26,Chanel Glow Serum,217.25,862,998,54.12,15.35384615,216815.5,56030
Shiseido,Asia-Pacific,Tokyo,Airport Duty-Free,Standalone Pop-Up,6/10/24,7/3/24,23,LE-7P5D96DF,Shiseido Satin Eyeshadow Palette,89.95,1786,386,77.2,16.7826087,34720.7,41078
Givenchy Beauty,Asia-Pacific,Seoul,Art/Design District,Mall Kiosk,3/9/24,4/16/24,38,LE-2J2HSCXH,Givenchy Beauty Velvet Lipstick,45,740,2422,77.43,63.73684211,108990,28120
Estée Lauder,North America,Toronto,High-Street,Mall Kiosk,7/18/24,8/5/24,18,LE-3S4BS7KV,Estée Lauder Velvet Blush,40.42,2270,4221,87.7,234.5,170612.82,40860
YSL Beauty,Latin America,Bogotá,Airport Duty-Free,Shop-in-Shop,11/22/24,2/7/25,77,LE-IGT4YPQE,YSL Beauty Rouge Eyeshadow Palette,104.78,1199,2672,59.76,34.7012987,279972.16,92323
Hourglass,Latin America,Lima,Luxury Mall,Standalone Pop-Up,6/8/25,7/14/25,36,LE-1UM2THYR,Hourglass Éclat Highlighter,63.46,1829,1768,69.66,49.11111111,112197.28,65844
La Prairie,Middle East,Riyadh,Department Store Atrium,Shop-in-Shop,3/23/25,4/1/25,9,LE-PM1W8Y3N,La Prairie Opulence Blush,55.74,1516,2474,66.85,274.8888889,137900.76,13644
MAC Cosmetics,Middle East,Doha,Airport Duty-Free,Mall Kiosk,3/27/25,6/8/25,73,LE-4AWT8JZ5,MAC Cosmetics Glow Foundation,91.57,966,223,68.83,3.054794521,20420.11,70518
Sisley-Paris,Middle East,Doha,High-Street,Flash Event,3/16/25,6/8/25,84,LE-P8NMDVB8,Sisley-Paris Pearl Foundation,92.5,947,2457,88.19,29.25,227272.5,79548
Bobbi Brown,Europe,Berlin,Department Store Atrium,Standalone Pop-Up,3/11/24,3/24/24,13,LE-LB1PY2YT,Bobbi Brown Velvet Lipstick,49.54,1184,1626,44.63,125.0769231,80552.04,15392
Shiseido,North America,Los Angeles,Art/Design District,Standalone Pop-Up,3/5/25,3/27/25,22,LE-P3KN9HP9,Shiseido Opulence Fragrance,123.74,1292,2675,90.89,121.5909091,331004.5,28424
Lancôme,North America,Miami,Art/Design District,Standalone Pop-Up,5/31/25,7/12/25,42,LE-E871JIGZ,Lancôme Pearl Foundation,71.95,814,1718,50.2,40.9047619,123610.1,34188
Tom Ford Beauty,North America,New York,Luxury Mall,Flash Event,8/18/24,8/24/24,6,LE-D8OR7WGP,Tom Ford Beauty Mirage Highlighter,35.95,740,3213,69.82,535.5,115507.35,4440
Valentino Beauty,Latin America,Lima,High-Street,Shop-in-Shop,6/24/24,9/7/24,75,LE-JLVFG0FQ,Valentino Beauty Glow Primer,53.26,913,210,54.12,2.8,11184.6,68475
Dior,Asia-Pacific,Hong Kong,High-Street,Mall Kiosk,3/28/24,4/27/24,30,LE-N97T7Y05,Dior Noir Primer,66.85,1179,2437,65.6,81.23333333,162913.45,35370
Sisley-Paris,Europe,Berlin,Department Store Atrium,Mall Kiosk,12/31/24,3/13/25,72,LE-C1F7SL91,Sisley-Paris Opulence Fragrance,376.1,965,4539,93.57,63.04166667,1707117.9,69480
Bobbi Brown,North America,Chicago,Airport Duty-Free,Flash Event,4/7/24,4/26/24,19,LE-WPSJJQ93,Bobbi Brown Glow Eyeshadow Palette,87.41,2277,705,85.35,37.10526316,61624.05,43263
NARS,Europe,Paris,Airport Duty-Free,Mall Kiosk,4/15/25,7/14/25,90,LE-OQ62WFRP,NARS Opulence Serum,144.44,1173,4044,81.19,44.93333333,584115.36,105570
Lancôme,Europe,Madrid,Art/Design District,Flash Event,11/29/24,2/12/25,75,LE-1YNHYGQ7,Lancôme Glow Setting Powder,79.86,828,2562,57.52,34.16,204601.32,62100
Shiseido,North America,Miami,Department Store Atrium,Flash Event,4/19/25,5/12/25,23,LE-LZ0BVTRE,Shiseido Velvet Setting Powder,66.1,1138,2726,79.06,118.5217391,180188.6,26174
Sisley-Paris,Middle East,Riyadh,High-Street,Flash Event,6/28/24,9/15/24,79,LE-J0GFRA46,Sisley-Paris Noir Eyeshadow Palette,146.75,1263,670,63.87,8.481012658,98322.5,99777
Clé de Peau Beauté,Asia-Pacific,Tokyo,Department Store Atrium,Standalone Pop-Up,7/23/24,8/9/24,17,LE-N1FZ723S,Clé de Peau Beauté Opulence Serum,283.01,826,1768,77.34,104,500361.68,14042
Charlotte Tilbury,Asia-Pacific,Shanghai,Department Store Atrium,Mall Kiosk,8/15/24,8/24/24,9,LE-ON4Z57AU,Charlotte Tilbury Satin Blush,38.78,1524,474,52.2,52.66666667,18381.72,13716
Lancôme,Asia-Pacific,Hong Kong,Luxury Mall,Flash Event,3/19/25,6/13/25,86,LE-GOQTUWHZ,Lancôme Éclat Serum,264.47,1516,196,53.55,2.279069767,51836.12,130376
Valentino Beauty,Middle East,Abu Dhabi,Luxury Mall,Shop-in-Shop,1/23/25,3/8/25,44,LE-IP8Q1OAE,Valentino Beauty Opulence Mascara,57.67,1422,2765,73.25,62.84090909,159457.55,62568
Bobbi Brown,Europe,Paris,High-Street,Mall Kiosk,5/26/24,8/17/24,83,LE-18AYKHZM,Bobbi Brown Velvet Primer,83.25,2313,2453,85.44,29.55421687,204212.25,191979
Shiseido,Asia-Pacific,Tokyo,Airport Duty-Free,Mobile Pop-Up Truck,6/20/24,8/23/24,64,LE-RWKPE5CQ,Shiseido Opulence Mascara,52.54,1922,4023,93.91,62.859375,211368.42,123008
Tom Ford Beauty,Europe,Madrid,Luxury Mall,Flash Event,5/29/25,6/29/25,31,LE-2LKW57MA,Tom Ford Beauty Lumière Mascara,34.91,1238,1543,80.2,49.77419355,53866.13,38378
NARS,Europe,Madrid,Airport Duty-Free,Standalone Pop-Up,3/19/25,4/16/25,28,LE-YKTDM6NZ,NARS Opulence Eyeshadow Palette,63.91,1170,4154,83.28,148.3571429,265482.14,32760
Fenty Beauty,Middle East,Doha,Art/Design District,Flash Event,5/5/25,7/9/25,65,LE-D4KIJSHX,Fenty Beauty Satin Highlighter,35.11,1092,442,55.11,6.8,15518.62,70980
Dior,Europe,Milan,Luxury Mall,Mobile Pop-Up Truck,5/21/24,7/21/24,61,LE-ZQI0MMRX,Dior Velvet Foundation,51.36,1641,1508,54.96,24.72131148,77450.88,100101
Valentino Beauty,Europe,Berlin,Department Store Atrium,Standalone Pop-Up,6/23/24,7/7/24,14,LE-38S54692,Valentino Beauty Velvet Blush,31.71,1474,3126,87.27,223.2857143,99125.46,20636
Givenchy Beauty,Middle East,Doha,High-Street,Shop-in-Shop,6/8/25,8/3/25,56,LE-56L5DOQ9,Givenchy Beauty Rouge Fragrance,383.36,2463,1495,84.08,26.69642857,573123.2,137928
Chanel,Latin America,São Paulo,Luxury Mall,Mall Kiosk,12/8/24,12/25/24,17,LE-B61TDDQE,Chanel Mirage Serum,298.3,862,285,72.15,16.76470588,85015.5,14654
Armani Beauty,Europe,Madrid,Airport Duty-Free,Flash Event,3/31/24,4/9/24,9,LE-C671WDN1,Armani Beauty Lumière Primer,71.52,1666,1121,64.91,124.5555556,80173.92,14994
Tom Ford Beauty,Europe,Paris,High-Street,Flash Event,6/14/24,8/5/24,52,LE-WQ93FYL1,Tom Ford Beauty Rouge Mascara,62.29,1673,1487,69.49,28.59615385,92625.23,86996
Tom Ford Beauty,Middle East,Riyadh,Department Store Atrium,Standalone Pop-Up,2/10/25,3/15/25,33,LE-W315DFRU,Tom Ford Beauty Mirage Highlighter,62.29,1837,179,51.73,5.424242424,11149.91,60621
YSL Beauty,Asia-Pacific,Tokyo,Department Store Atrium,Mobile Pop-Up Truck,2/13/25,2/22/25,9,LE-FZOC6HQD,YSL Beauty Éclat Eyeshadow Palette,50.26,752,766,76.37,85.11111111,38499.16,6768
YSL Beauty,Asia-Pacific,Hong Kong,Art/Design District,Mobile Pop-Up Truck,9/10/24,10/20/24,40,LE-I75E7ZUD,YSL Beauty Velvet Blush,67.83,1069,425,88.73,10.625,28827.75,42760
Chanel,North America,New York,Luxury Mall,Shop-in-Shop,3/29/25,5/19/25,51,LE-BHFEROJC,Chanel Opulence Highlighter,41.47,847,1791,85.29,35.11764706,74272.77,43197
Clé de Peau Beauté,Asia-Pacific,Seoul,Luxury Mall,Mall Kiosk,11/12/24,12/15/24,33,LE-SWUSLZYP,Clé de Peau Beauté Satin Highlighter,76.05,884,3501,82.42,106.0909091,266251.05,29172
MAC Cosmetics,Europe,Paris,Luxury Mall,Standalone Pop-Up,3/14/24,5/4/24,51,LE-9LT0LUIQ,MAC Cosmetics Opulence Foundation,74.13,627,2704,61.25,53.01960784,200447.52,31977
NARS,Latin America,Bogotá,Art/Design District,Standalone Pop-Up,9/23/24,10/17/24,24,LE-9D8VZVAZ,NARS Opulence Mascara,58.01,1071,1336,84.93,55.66666667,77501.36,25704
Guerlain,Middle East,Riyadh,Department Store Atrium,Flash Event,11/24/24,1/12/25,49,LE-S4MZYIBW,Guerlain Rouge Blush,64.61,800,1723,58.99,35.16326531,111323.03,39200
Huda Beauty,Latin America,Mexico City,Department Store Atrium,Mall Kiosk,5/5/25,7/12/25,68,LE-ZFH3JYID,Huda Beauty Glow Lipstick,69.46,1228,3181,79.17,46.77941176,220952.26,83504
Lancôme,Asia-Pacific,Seoul,Airport Duty-Free,Standalone Pop-Up,2/22/25,3/13/25,19,LE-UKW59GEG,Lancôme Rouge Mascara,45.72,1825,3595,79.36,189.2105263,164363.4,34675
Bobbi Brown,Latin America,Mexico City,Luxury Mall,Standalone Pop-Up,4/14/25,7/11/25,88,LE-AVI8SXLF,Bobbi Brown Glow Primer,54.63,1591,1498,79.3,17.02272727,81835.74,140008
Chanel,Asia-Pacific,Seoul,High-Street,Mobile Pop-Up Truck,6/28/24,9/18/24,82,LE-6567QMCW,Chanel Velvet Foundation,106.85,1285,1267,85.26,15.45121951,135378.95,105370
Pat McGrath Labs,Middle East,Dubai,High-Street,Shop-in-Shop,7/12/24,8/3/24,22,LE-JE52I48Q,Pat McGrath Labs Mirage Primer,62.22,1012,515,100,23.40909091,32043.3,22264
Clé de Peau Beauté,Middle East,Jeddah,Airport Duty-Free,Mobile Pop-Up Truck,7/2/25,8/7/25,36,LE-9FDQP2WB,Clé de Peau Beauté Rouge Eyeshadow Palette,149.59,1730,2181,91.14,60.58333333,326255.79,62280
Hermès Beauty,North America,Miami,Airport Duty-Free,Flash Event,8/6/24,10/28/24,83,LE-G06UE9L6,Hermès Beauty Satin Mascara,44.57,1189,2923,97.27,35.21686747,130278.11,98687
YSL Beauty,North America,Los Angeles,Luxury Mall,Standalone Pop-Up,3/28/25,6/2/25,66,LE-U7KK051H,YSL Beauty Rouge Lipstick,66.42,1428,2710,74.68,41.06060606,179998.2,94248
Armani Beauty,Europe,Paris,High-Street,Mall Kiosk,7/25/25,8/4/25,10,LE-TSBNNDOF,Armani Beauty Glow Setting Powder,59.89,1846,2800,62.28,280,167692,18460
La Prairie,Asia-Pacific,Tokyo,High-Street,Flash Event,8/17/24,11/13/24,88,LE-HFFQ1P7T,La Prairie Velvet Fragrance,332,2665,2323,55.61,26.39772727,771236,234520
Tom Ford Beauty,Latin America,Mexico City,Art/Design District,Mall Kiosk,6/28/25,7/5/25,7,LE-ZDVWDF7T,Tom Ford Beauty Éclat Lipstick,64.22,1275,2700,96.81,385.7142857,173394,8925
Rare Beauty,North America,Toronto,Art/Design District,Mobile Pop-Up Truck,2/1/25,3/25/25,52,LE-0X9O1Z69,Rare Beauty Noir Eyeshadow Palette,130.34,854,2694,100,51.80769231,351135.96,44408
Sisley-Paris,Europe,London,Art/Design District,Mobile Pop-Up Truck,5/27/24,8/10/24,75,LE-W15U2MS0,Sisley-Paris Noir Eyeshadow Palette,144.63,980,1852,72.23,24.69333333,267854.76,73500
Tom Ford Beauty,Asia-Pacific,Seoul,Department Store Atrium,Mall Kiosk,9/6/24,11/4/24,59,LE-TUSUYKFN,Tom Ford Beauty Noir Blush,67.09,925,107,40.23,1.813559322,7178.63,54575
MAC Cosmetics,Latin America,Mexico City,Department Store Atrium,Flash Event,10/4/24,11/2/24,29,LE-NKOVXMO6,MAC Cosmetics Éclat Lipstick,55.47,1179,3096,83.38,106.7586207,171735.12,34191
Charlotte Tilbury,Europe,Madrid,Department Store Atrium,Mall Kiosk,6/15/24,8/31/24,77,LE-4NYC0130,Charlotte Tilbury Éclat Primer,78.62,640,3104,85.02,40.31168831,244036.48,49280
MAC Cosmetics,North America,Toronto,Art/Design District,Standalone Pop-Up,6/3/24,7/1/24,28,LE-A11GNP7Z,MAC Cosmetics Glow Fragrance,104.09,1206,1009,60.67,36.03571429,105026.81,33768
Givenchy Beauty,Asia-Pacific,Singapore,Airport Duty-Free,Flash Event,8/20/24,10/28/24,69,LE-5UTFNFL3,Givenchy Beauty Lumière Setting Powder,71.03,2232,1575,78.63,22.82608696,111872.25,154008
Chanel,Asia-Pacific,Hong Kong,Department Store Atrium,Flash Event,6/20/25,8/3/25,44,LE-BQMOE4R3,Chanel Éclat Eyeshadow Palette,139.61,886,3595,77.01,81.70454545,501897.95,38984
Lancôme,Middle East,Doha,Art/Design District,Mall Kiosk,5/12/24,5/22/24,10,LE-M4571NCI,Lancôme Éclat Blush,52.03,737,392,49.06,39.2,20395.76,7370
Charlotte Tilbury,Latin America,Lima,High-Street,Mobile Pop-Up Truck,5/21/25,6/6/25,16,LE-GHSYHD9U,Charlotte Tilbury Noir Eyeshadow Palette,66.94,1649,1416,66.7,88.5,94787.04,26384
Armani Beauty,Middle East,Jeddah,High-Street,Standalone Pop-Up,8/6/24,9/19/24,44,LE-NME63AYA,Armani Beauty Satin Blush,53.64,2896,795,99.13,18.06818182,42643.8,127424
Armani Beauty,Latin America,Lima,High-Street,Shop-in-Shop,11/1/24,12/23/24,52,LE-TX283ZSH,Armani Beauty Éclat Fragrance,160.38,2754,129,50.59,2.480769231,20689.02,143208
Clé de Peau Beauté,Europe,Madrid,Department Store Atrium,Shop-in-Shop,11/30/24,1/18/25,49,LE-2Q20P8WY,Clé de Peau Beauté Opulence Eyeshadow Palette,86,1632,2033,62.38,41.48979592,174838,79968
Huda Beauty,Europe,Milan,Luxury Mall,Standalone Pop-Up,11/29/24,12/24/24,25,LE-N4KAL5V1,Huda Beauty Opulence Setting Powder,71.08,1421,2027,70.55,81.08,144079.16,35525
Clé de Peau Beauté,Latin America,Buenos Aires,Department Store Atrium,Mobile Pop-Up Truck,8/9/24,9/7/24,29,LE-X0Q05N8Q,Clé de Peau Beauté Glow Mascara,47.26,1245,3187,72.35,109.8965517,150617.62,36105
Clé de Peau Beauté,Asia-Pacific,Seoul,Department Store Atrium,Shop-in-Shop,2/19/24,3/27/24,37,LE-89IYXDFZ,Clé de Peau Beauté Rouge Blush,56.35,723,629,69.05,17,35444.15,26751
Shiseido,North America,Toronto,Department Store Atrium,Shop-in-Shop,5/17/25,6/20/25,34,LE-EBJ29OI2,Shiseido Glow Mascara,67.46,1227,2652,81.45,78,178903.92,41718
Tom Ford Beauty,Middle East,Doha,Luxury Mall,Standalone Pop-Up,3/29/25,4/28/25,30,LE-7RV9QGBJ,Tom Ford Beauty Noir Primer,82.49,769,3619,78.47,120.6333333,298531.31,23070
Charlotte Tilbury,North America,Los Angeles,Art/Design District,Standalone Pop-Up,1/12/25,2/10/25,29,LE-92VEAPC8,Charlotte Tilbury Glow Lipstick,75.96,1520,699,61.91,24.10344828,53096.04,44080
Pat McGrath Labs,Middle East,Riyadh,Luxury Mall,Shop-in-Shop,1/3/25,1/28/25,25,LE-4CKOA03O,Pat McGrath Labs Mirage Fragrance,178.04,1723,2078,82.76,83.12,369967.12,43075
Pat McGrath Labs,Latin America,São Paulo,Airport Duty-Free,Shop-in-Shop,3/7/24,3/14/24,7,LE-CYHDGPMI,Pat McGrath Labs Rouge Mascara,33.61,1365,1616,47.45,230.8571429,54313.76,9555
Clé de Peau Beauté,Europe,Paris,Art/Design District,Mobile Pop-Up Truck,6/16/24,9/14/24,90,LE-YTJU5D0Y,Clé de Peau Beauté Rouge Primer,52.27,666,1239,85.86,13.76666667,64762.53,59940
MAC Cosmetics,Asia-Pacific,Singapore,Department Store Atrium,Flash Event,5/8/24,5/23/24,15,LE-VHFN8PJR,MAC Cosmetics Éclat Mascara,73.7,1196,1988,67,132.5333333,146515.6,17940
Hourglass,Latin America,São Paulo,Airport Duty-Free,Mall Kiosk,9/10/24,10/2/24,22,LE-0WEWUJ4C,Hourglass Glow Mascara,50.09,1055,1140,88.17,51.81818182,57102.6,23210
Hermès Beauty,Europe,Berlin,Department Store Atrium,Flash Event,11/7/24,2/2/25,87,LE-S57YI714,Hermès Beauty Opulence Fragrance,107.15,569,2094,59.79,24.06896552,224372.1,49503
MAC Cosmetics,Asia-Pacific,Singapore,Airport Duty-Free,Flash Event,3/15/24,4/8/24,24,LE-4AE2UBZW,MAC Cosmetics Éclat Foundation,100.81,1580,2110,60.37,87.91666667,212709.1,37920
La Prairie,Asia-Pacific,Hong Kong,Luxury Mall,Mobile Pop-Up Truck,8/30/24,10/2/24,33,LE-G6TAKT1U,La Prairie Rouge Primer,72.47,1584,609,55.87,18.45454545,44134.23,52272
Guerlain,Middle East,Jeddah,Art/Design District,Flash Event,7/25/24,10/9/24,76,LE-I97FX3IF,Guerlain Lumière Primer,60.77,1080,1221,52.97,16.06578947,74200.17,82080
Estée Lauder,Asia-Pacific,Singapore,Luxury Mall,Flash Event,7/18/24,9/3/24,47,LE-UF4QT15V,Estée Lauder Lumière Lipstick,62.44,1439,2516,68.46,53.53191489,157099.04,67633
Estée Lauder,Europe,Madrid,High-Street,Shop-in-Shop,4/25/25,6/3/25,39,LE-AJ3LZJ9J,Estée Lauder Lumière Highlighter,86.77,2432,1402,88.4,35.94871795,121651.54,94848
Shiseido,Latin America,Mexico City,High-Street,Mall Kiosk,5/8/25,5/22/25,14,LE-C7BT024J,Shiseido Lumière Setting Powder,55.25,2416,483,80.9,34.5,26685.75,33824
Lancôme,Middle East,Abu Dhabi,Art/Design District,Standalone Pop-Up,3/22/24,6/5/24,75,LE-ZIGFVM4V,Lancôme Éclat Lipstick,65.08,1044,661,46.22,8.813333333,43017.88,78300
Givenchy Beauty,Latin America,Mexico City,High-Street,Mobile Pop-Up Truck,5/12/25,6/19/25,38,LE-ZM2F0XQE,Givenchy Beauty Éclat Mascara,62.89,1907,197,71.9,5.184210526,12389.33,72466
Givenchy Beauty,Europe,Madrid,Department Store Atrium,Standalone Pop-Up,7/10/25,8/10/25,31,LE-E6JZ4LRY,Givenchy Beauty Éclat Mascara,31.78,862,995,73,32.09677419,31621.1,26722
Sisley-Paris,Asia-Pacific,Tokyo,Department Store Atrium,Standalone Pop-Up,5/19/25,7/5/25,47,LE-MVCIPYPS,Sisley-Paris Mirage Blush,42.69,1476,2293,79.81,48.78723404,97888.17,69372
Valentino Beauty,Europe,Berlin,Airport Duty-Free,Mobile Pop-Up Truck,7/4/24,8/8/24,35,LE-950QWR3N,Valentino Beauty Satin Blush,39.54,818,3754,93.36,107.2571429,148433.16,28630
Rare Beauty,Latin America,São Paulo,Luxury Mall,Mall Kiosk,3/16/25,3/27/25,11,LE-S4ENLZOJ,Rare Beauty Lumière Blush,48.25,1063,612,50.25,55.63636364,29529,11693
YSL Beauty,Latin America,São Paulo,Airport Duty-Free,Flash Event,3/29/25,4/15/25,17,LE-3J5J5CPC,YSL Beauty Noir Eyeshadow Palette,112.21,2010,2609,69.06,153.4705882,292755.89,34170
Charlotte Tilbury,North America,Miami,Luxury Mall,Shop-in-Shop,4/18/24,4/27/24,9,LE-R20KH10F,Charlotte Tilbury Pearl Mascara,57.51,922,3099,67.53,344.3333333,178223.49,8298
Charlotte Tilbury,Europe,Madrid,Luxury Mall,Shop-in-Shop,5/22/24,8/17/24,87,LE-XC3B84GR,Charlotte Tilbury Rouge Foundation,46.14,1391,2300,69.97,26.43678161,106122,121017
Charlotte Tilbury,North America,Toronto,Luxury Mall,Mall Kiosk,2/27/24,3/4/24,6,LE-E1AOZZ3X,Charlotte Tilbury Pearl Foundation,70.28,1195,3760,83.41,626.6666667,264252.8,7170
Huda Beauty,Middle East,Doha,Airport Duty-Free,Flash Event,12/21/24,12/30/24,9,LE-BF01Z0TN,Huda Beauty Rouge Serum,251.31,1982,896,61.54,99.55555556,225173.76,17838
YSL Beauty,North America,Miami,Airport Duty-Free,Flash Event,1/1/25,1/9/25,8,LE-USD5YK0V,YSL Beauty Mirage Lipstick,31.45,852,448,88.54,56,14089.6,6816
Givenchy Beauty,Middle East,Doha,Luxury Mall,Mall Kiosk,7/4/24,7/9/24,5,LE-66HZOWEJ,Givenchy Beauty Velvet Foundation,98.57,1743,853,95.74,170.6,84080.21,8715
Clé de Peau Beauté,Europe,Milan,Art/Design District,Mobile Pop-Up Truck,3/20/25,6/16/25,88,LE-MJO8PK08,Clé de Peau Beauté Velvet Lipstick,70.5,1290,1319,69.94,14.98863636,92989.5,113520
La Prairie,Middle East,Jeddah,Art/Design District,Standalone Pop-Up,2/24/25,3/20/25,24,LE-LBC8YM0Z,La Prairie Rouge Primer,74.76,632,129,47.96,5.375,9644.04,15168
Pat McGrath Labs,Middle East,Riyadh,Luxury Mall,Standalone Pop-Up,9/28/24,12/14/24,77,LE-EGNMB1MZ,Pat McGrath Labs Rouge Serum,233.48,1252,2326,70.98,30.20779221,543074.48,96404
Sisley-Paris,Europe,Paris,Department Store Atrium,Mobile Pop-Up Truck,1/29/25,3/15/25,45,LE-QJPREMWE,Sisley-Paris Lumière Setting Powder,49.11,1742,3458,70.53,76.84444444,169822.38,78390
Guerlain,Latin America,Mexico City,Art/Design District,Shop-in-Shop,4/27/25,5/16/25,19,LE-71JFUU1T,Guerlain Rouge Foundation,81.75,1222,2111,73.17,111.1052632,172574.25,23218
Guerlain,Europe,Milan,Department Store Atrium,Flash Event,1/14/25,2/18/25,35,LE-7T2CPF87,Guerlain Pearl Lipstick,79.68,773,1721,48.13,49.17142857,137129.28,27055
Bobbi Brown,North America,Chicago,Airport Duty-Free,Standalone Pop-Up,3/2/24,3/27/24,25,LE-W241HY0Y,Bobbi Brown Glow Foundation,71.5,1254,3545,77.79,141.8,253467.5,31350
La Prairie,Asia-Pacific,Tokyo,High-Street,Shop-in-Shop,5/2/25,5/14/25,12,LE-VRC0R3PL,La Prairie Pearl Primer,69.06,1393,2044,83.57,170.3333333,141158.64,16716
Hermès Beauty,Latin America,São Paulo,Luxury Mall,Flash Event,10/29/24,1/1/25,64,LE-CXGYHXIB,Hermès Beauty Rouge Setting Powder,53.86,837,2391,62.84,37.359375,128779.26,53568
Lancôme,Middle East,Jeddah,Art/Design District,Mobile Pop-Up Truck,4/9/25,4/19/25,10,LE-32A0NK8W,Lancôme Lumière Blush,35.38,809,250,100,25,8845,8090
MAC Cosmetics,North America,Miami,High-Street,Mall Kiosk,5/12/25,6/18/25,37,LE-5MXT26ZD,MAC Cosmetics Éclat Serum,96.68,2603,4127,87.45,111.5405405,398998.36,96311
Guerlain,Latin America,São Paulo,Airport Duty-Free,Flash Event,3/2/24,5/5/24,64,LE-L6HN4HT6,Guerlain Noir Blush,39.96,1283,2247,84.63,35.109375,89790.12,82112
Tom Ford Beauty,Latin America,Lima,Art/Design District,Mobile Pop-Up Truck,3/13/24,4/1/24,19,LE-JWTI0MT2,Tom Ford Beauty Opulence Fragrance,255.2,633,2146,85.02,112.9473684,547659.2,12027
Lancôme,North America,New York,Airport Duty-Free,Standalone Pop-Up,10/16/24,11/27/24,42,LE-5VYA0YDA,Lancôme Noir Fragrance,306.23,2181,2277,78.17,54.21428571,697285.71,91602
Rare Beauty,North America,Chicago,Luxury Mall,Flash Event,8/6/24,8/20/24,14,LE-Z7L6KPQE,Rare Beauty Éclat Foundation,110.04,1195,2318,72.57,165.5714286,255072.72,16730
Armani Beauty,Asia-Pacific,Hong Kong,Department Store Atrium,Mobile Pop-Up Truck,3/19/25,4/12/25,24,LE-IFLA5EXB,Armani Beauty Pearl Foundation,119.8,1244,3716,93.06,154.8333333,445176.8,29856
Huda Beauty,Europe,Berlin,Art/Design District,Mobile Pop-Up Truck,2/23/24,3/26/24,32,LE-MCLCQDYI,Huda Beauty Rouge Mascara,44.14,865,2575,79.57,80.46875,113660.5,27680
Estée Lauder,Europe,Paris,High-Street,Mall Kiosk,2/18/24,5/17/24,89,LE-MQYDJI64,Estée Lauder Opulence Serum,260.03,1280,2085,77.86,23.42696629,542162.55,113920
Sisley-Paris,Europe,Madrid,Airport Duty-Free,Mobile Pop-Up Truck,3/4/24,4/20/24,47,LE-0H8S72S3,Sisley-Paris Glow Serum,241.62,2631,3278,100,69.74468085,792030.36,123657
Pat McGrath Labs,Latin America,Unknown,Airport Duty-Free,Flash Event,6/21/24,9/15/24,86,LE-7QLSMGXO,Pat McGrath Labs Pearl Highlighter,59.99,1792,919,74.47,10.68604651,55130.81,154112
Lancôme,Europe,Madrid,High-Street,Shop-in-Shop,6/17/25,8/11/25,55,LE-VJ1950N6,Lancôme Lumière Highlighter,64.66,2591,1029,72.93,18.70909091,66535.14,142505
Givenchy Beauty,Latin America,Mexico City,Art/Design District,Standalone Pop-Up,1/20/25,2/20/25,31,LE-6UG1OG5B,Givenchy Beauty Noir Blush,64.36,570,4550,92.9,146.7741935,292838,17670
Shiseido,North America,New York,Luxury Mall,Standalone Pop-Up,5/24/24,7/16/24,53,LE-I7NFEUEV,Shiseido Pearl Mascara,61.63,1667,1963,99.59,37.03773585,120979.69,88351
Hermès Beauty,Europe,London,Luxury Mall,Shop-in-Shop,5/7/25,7/3/25,57,LE-6C8BPRX8,Hermès Beauty Opulence Fragrance,222.32,1047,733,53.94,12.85964912,162960.56,59679
YSL Beauty,Middle East,Abu Dhabi,Luxury Mall,Shop-in-Shop,4/21/25,5/15/25,24,LE-6O5QEZRI,YSL Beauty Pearl Primer,55.2,930,1527,81.18,63.625,84290.4,22320
La Prairie,Latin America,Bogotá,Art/Design District,Standalone Pop-Up,10/17/24,11/30/24,44,LE-9P3Z0RMO,La Prairie Éclat Fragrance,394.1,655,1927,95.44,43.79545455,759430.7,28820
La Prairie,Middle East,Dubai,Art/Design District,Mobile Pop-Up Truck,7/1/25,7/28/25,27,LE-7GOIIGYD,La Prairie Rouge Lipstick,74.64,729,2185,99.73,80.92592593,163088.4,19683
Hourglass,Europe,Paris,Art/Design District,Mall Kiosk,3/16/24,4/30/24,45,LE-UAN8UA7U,Hourglass Noir Serum,246.34,1199,494,44.3,10.97777778,121691.96,53955
Chanel,Latin America,São Paulo,Department Store Atrium,Flash Event,5/20/24,7/9/24,50,LE-GHIDIJ3Y,Chanel Pearl Serum,194.85,1759,2012,55.94,40.24,392038.2,87950
Chanel,Asia-Pacific,Singapore,Luxury Mall,Shop-in-Shop,2/20/25,4/17/25,56,LE-1C40BT5W,Chanel Pearl Blush,57.95,1489,386,68.08,6.892857143,22368.7,83384
Clé de Peau Beauté,Europe,Madrid,Airport Duty-Free,Mall Kiosk,3/14/25,6/10/25,88,LE-YTFIY1HJ,Clé de Peau Beauté Opulence Highlighter,49.87,2067,642,94.55,7.295454545,32016.54,181896
Chanel,Asia-Pacific,Seoul,Luxury Mall,Shop-in-Shop,11/4/24,12/17/24,43,LE-74IC2EII,Chanel Rouge Blush,66.64,1044,1231,69.75,28.62790698,82033.84,44892
Clé de Peau Beauté,Latin America,Lima,High-Street,Standalone Pop-Up,3/29/25,6/3/25,66,LE-P000GVV0,Clé de Peau Beauté Mirage Blush,40.47,2482,1737,72.92,26.31818182,70296.39,163812
Rare Beauty,Latin America,Lima,Airport Duty-Free,Mall Kiosk,2/20/25,3/31/25,39,LE-OD4VRPHW,Rare Beauty Mirage Foundation,67.57,2226,3310,67.81,84.87179487,223656.7,86814
Tom Ford Beauty,Latin America,Bogotá,Art/Design District,Mall Kiosk,3/10/24,5/19/24,70,LE-MNFZ7BWT,Tom Ford Beauty Opulence Setting Powder,82.75,1156,1258,56.97,17.97142857,104099.5,80920
Guerlain,Europe,Unknown,High-Street,Mobile Pop-Up Truck,1/2/25,3/9/25,66,LE-7YDBZOYR,Guerlain Satin Highlighter,75.97,1575,2631,86.43,39.86363636,199877.07,103950
Hermès Beauty,Middle East,Abu Dhabi,Art/Design District,Shop-in-Shop,3/14/25,5/6/25,53,LE-UPDZCQP0,Hermès Beauty Velvet Highlighter,53.03,1245,127,53.59,2.396226415,6734.81,65985
Charlotte Tilbury,Asia-Pacific,Hong Kong,Art/Design District,Shop-in-Shop,6/28/25,7/29/25,31,LE-T6N6LUMP,Charlotte Tilbury Velvet Setting Powder,44.33,493,2703,66.04,87.19354839,119823.99,15283
Givenchy Beauty,North America,Miami,Luxury Mall,Shop-in-Shop,7/17/24,8/19/24,33,LE-G8WVIRAU,Givenchy Beauty Rouge Foundation,45.88,1512,1996,65.46,60.48484848,91576.48,49896
Chanel,North America,Toronto,High-Street,Standalone Pop-Up,2/1/25,4/11/25,69,LE-ZLX9RES7,Chanel Mirage Serum,231.64,1230,1808,70.24,26.20289855,418805.12,84870
YSL Beauty,Asia-Pacific,Tokyo,Luxury Mall,Shop-in-Shop,10/7/24,12/18/24,72,LE-4P90X4HF,YSL Beauty Pearl Eyeshadow Palette,67.95,1168,123,53.02,1.708333333,8357.85,84096
Hermès Beauty,Middle East,Jeddah,High-Street,Shop-in-Shop,4/18/24,5/5/24,17,LE-O0HWJOY4,Hermès Beauty Glow Blush,47.36,2363,1110,73.36,65.29411765,52569.6,40171
Huda Beauty,North America,Toronto,Art/Design District,Mobile Pop-Up Truck,3/19/25,6/10/25,83,LE-WU17SVC6,Huda Beauty Mirage Serum,138.36,1298,3000,63.37,36.14457831,415080,107734
Hourglass,Asia-Pacific,Hong Kong,High-Street,Mobile Pop-Up Truck,4/6/25,6/23/25,78,LE-QOA9D5GV,Hourglass Satin Serum,239.99,2180,2370,76.08,30.38461538,568776.3,170040
Armani Beauty,Europe,London,Department Store Atrium,Standalone Pop-Up,9/19/24,11/24/24,66,LE-E6TNAXOE,Armani Beauty Lumière Fragrance,267.52,1770,844,67.14,12.78787879,225786.88,116820
Rare Beauty,Europe,Paris,Department Store Atrium,Flash Event,3/14/24,4/5/24,22,LE-7C5O837L,Rare Beauty Satin Fragrance,148.69,1169,1201,82.37,54.59090909,178576.69,25718
Fenty Beauty,Europe,Madrid,High-Street,Mobile Pop-Up Truck,7/29/24,10/22/24,85,LE-BBGAW6FO,Fenty Beauty Opulence Highlighter,35.62,1027,796,78.58,9.364705882,28353.52,87295
Valentino Beauty,Middle East,Doha,Department Store Atrium,Shop-in-Shop,6/1/24,7/17/24,46,LE-T83L6S5A,Valentino Beauty Pearl Mascara,59.49,1190,2276,79.97,49.47826087,135399.24,54740
Bobbi Brown,Middle East,Abu Dhabi,Art/Design District,Shop-in-Shop,3/26/25,5/29/25,64,LE-DIXB2NR4,Bobbi Brown Mirage Mascara,47.01,1095,2097,47.42,32.765625,98579.97,70080
YSL Beauty,Middle East,Doha,Art/Design District,Mobile Pop-Up Truck,5/4/25,5/10/25,6,LE-OL0E9LVM,YSL Beauty Lumière Setting Powder,83.93,1107,1392,64.24,232,116830.56,6642
Shiseido,Middle East,Abu Dhabi,Airport Duty-Free,Standalone Pop-Up,9/7/24,10/19/24,42,LE-X3J89GIW,Shiseido Mirage Setting Powder,42.97,1870,4032,88.95,96,173255.04,78540
Guerlain,Middle East,Dubai,Airport Duty-Free,Flash Event,5/14/24,7/30/24,77,LE-GX5SGHUZ,Guerlain Mirage Foundation,108.97,1570,375,61.27,4.87012987,40863.75,120890
Clé de Peau Beauté,Latin America,Unknown,Airport Duty-Free,Standalone Pop-Up,7/11/24,8/2/24,22,LE-QOC8S54K,Clé de Peau Beauté Lumière Blush,36.4,1172,3568,71.59,162.1818182,129875.2,25784
Guerlain,Asia-Pacific,Hong Kong,Department Store Atrium,Flash Event,4/3/25,5/3/25,30,LE-RJUJ6NK9,Guerlain Opulence Mascara,58.31,870,2546,56.04,84.86666667,148457.26,26100
Armani Beauty,Latin America,São Paulo,High-Street,Shop-in-Shop,5/3/25,6/9/25,37,LE-N357EH0I,Armani Beauty Noir Fragrance,323.08,1205,1356,91.44,36.64864865,438096.48,44585
Dior,Middle East,Dubai,High-Street,Mall Kiosk,6/13/25,7/16/25,33,LE-3XGTXV1Y,Dior Satin Blush,57.1,1799,1679,82.63,50.87878788,95870.9,59367
La Prairie,Latin America,Mexico City,Airport Duty-Free,Flash Event,10/27/24,12/7/24,41,LE-GWLW9E8M,La Prairie Opulence Primer,48.58,937,1922,79.55,46.87804878,93370.76,38417
Chanel,North America,New York,Department Store Atrium,Mall Kiosk,1/26/25,4/16/25,80,LE-Y3UF2XTC,Chanel Pearl Blush,61.16,894,831,79.45,10.3875,50823.96,71520
Sisley-Paris,Asia-Pacific,Hong Kong,Art/Design District,Standalone Pop-Up,2/20/24,4/22/24,62,LE-56PLQLLW,Sisley-Paris Éclat Highlighter,76.58,479,2151,86.35,34.69354839,164723.58,29698
Bobbi Brown,Europe,Berlin,Art/Design District,Standalone Pop-Up,5/3/25,5/27/25,24,LE-QMWIUGZ5,Bobbi Brown Lumière Eyeshadow Palette,148,946,1284,77.3,53.5,190032,22704
Huda Beauty,Middle East,Jeddah,High-Street,Shop-in-Shop,2/13/25,4/7/25,53,LE-UUIKIQVJ,Huda Beauty Lumière Foundation,88.71,1436,1989,51.53,37.52830189,176444.19,76108
Shiseido,Europe,Madrid,Airport Duty-Free,Mall Kiosk,1/5/25,1/11/25,6,LE-6SX6W2OW,Shiseido Satin Fragrance,294.67,1135,1634,69.03,272.3333333,481490.78,6810
Guerlain,Asia-Pacific,Hong Kong,Art/Design District,Standalone Pop-Up,4/10/25,6/4/25,55,LE-82YRBSQL,Guerlain Opulence Foundation,69.83,1232,2777,71.22,50.49090909,193917.91,67760
Givenchy Beauty,Asia-Pacific,Shanghai,High-Street,Mobile Pop-Up Truck,6/6/24,8/9/24,64,LE-9Y88MNZ6,Givenchy Beauty Lumière Lipstick,44.46,1666,282,64.53,4.40625,12537.72,106624
Armani Beauty,Latin America,Mexico City,Art/Design District,Shop-in-Shop,9/24/24,12/18/24,85,LE-32OW3PPV,Armani Beauty Velvet Lipstick,41.64,702,1009,57.17,11.87058824,42014.76,59670
Bobbi Brown,Europe,Berlin,Luxury Mall,Flash Event,10/13/24,11/3/24,21,LE-RL3TCHN8,Bobbi Brown Lumière Primer,71.3,1145,1435,57.33,68.33333333,102315.5,24045
Hermès Beauty,Europe,Paris,High-Street,Standalone Pop-Up,1/24/25,3/3/25,38,LE-1ZECAHFC,Hermès Beauty Opulence Serum,208.11,2187,2514,87.57,66.15789474,523188.54,83106
Armani Beauty,North America,Toronto,Luxury Mall,Shop-in-Shop,3/2/25,5/11/25,70,LE-LXBW4CAA,Armani Beauty Éclat Setting Powder,50.16,1659,2568,79.8,36.68571429,128810.88,116130
NARS,Middle East,Abu Dhabi,Department Store Atrium,Shop-in-Shop,9/28/24,12/21/24,84,LE-6E9VT79T,NARS Mirage Fragrance,124.73,1127,2459,68.42,29.27380952,306711.07,94668
Shiseido,Asia-Pacific,Hong Kong,High-Street,Shop-in-Shop,11/16/24,12/29/24,43,LE-8GUU30RP,Shiseido Noir Highlighter,62.72,1752,2334,96.69,54.27906977,146388.48,75336
YSL Beauty,Europe,Madrid,High-Street,Mobile Pop-Up Truck,11/5/24,12/31/24,56,LE-XRW9YM69,YSL Beauty Opulence Mascara,51.31,1248,4558,92.85,81.39285714,233870.98,69888
MAC Cosmetics,North America,Chicago,Art/Design District,Flash Event,11/12/24,11/19/24,7,LE-Y4D66M6B,MAC Cosmetics Velvet Foundation,75.53,1367,1941,65.18,277.2857143,146603.73,9569
MAC Cosmetics,Europe,Berlin,High-Street,Shop-in-Shop,10/3/24,12/1/24,59,LE-JSKDWJHR,MAC Cosmetics Noir Highlighter,82.73,2604,1909,72.23,32.3559322,157931.57,153636
Guerlain,Asia-Pacific,Tokyo,Airport Duty-Free,Shop-in-Shop,7/20/24,8/19/24,30,LE-MG12901Z,Guerlain Pearl Primer,51.03,2195,1759,57.77,58.63333333,89761.77,65850
Hourglass,North America,Miami,Art/Design District,Standalone Pop-Up,1/3/25,2/21/25,49,LE-ZMCG4YLR,Hourglass Satin Fragrance,121.17,734,767,55.62,15.65306122,92937.39,35966
Estée Lauder,Latin America,Bogotá,Luxury Mall,Mall Kiosk,4/4/25,6/25/25,82,LE-GUN2P7M7,Estée Lauder Glow Mascara,49.4,672,1671,43.17,20.37804878,82547.4,55104
Sisley-Paris,North America,Miami,Department Store Atrium,Mobile Pop-Up Truck,4/30/24,6/30/24,61,LE-KJTL0VFL,Sisley-Paris Rouge Fragrance,242.37,858,2384,66.33,39.08196721,577810.08,52338
YSL Beauty,Europe,Madrid,High-Street,Mobile Pop-Up Truck,6/12/25,7/21/25,39,LE-1W634NNX,YSL Beauty Glow Lipstick,46.96,2864,1168,75.11,29.94871795,54849.28,111696
Fenty Beauty,Asia-Pacific,Hong Kong,Airport Duty-Free,Standalone Pop-Up,4/19/24,5/18/24,29,LE-ZSO76FUR,Fenty Beauty Éclat Primer,75.59,2075,3520,71.08,121.3793103,266076.8,60175
Pat McGrath Labs,North America,Toronto,Art/Design District,Flash Event,4/21/25,6/29/25,69,LE-MFTVGG7R,Pat McGrath Labs Velvet Lipstick,75.08,875,2785,77.97,40.36231884,209097.8,60375
Rare Beauty,Asia-Pacific,Hong Kong,Airport Duty-Free,Standalone Pop-Up,5/15/24,8/10/24,87,LE-Y1UHJ3ZK,Rare Beauty Lumière Foundation,81.76,1567,3899,84.1,44.81609195,318782.24,136329
MAC Cosmetics,Europe,Paris,Department Store Atrium,Mall Kiosk,5/13/24,7/5/24,53,LE-FUYO0BVE,MAC Cosmetics Noir Foundation,78.23,528,1823,62.99,34.39622642,142613.29,27984
Guerlain,Middle East,Jeddah,Luxury Mall,Flash Event,2/20/25,5/8/25,77,LE-CM4LCZY9,Guerlain Mirage Lipstick,45.41,1881,2779,61.7,36.09090909,126194.39,144837
Lancôme,North America,Los Angeles,Airport Duty-Free,Shop-in-Shop,5/8/24,7/8/24,61,LE-8936SU3D,Lancôme Opulence Highlighter,79.4,1023,2536,61.17,41.57377049,201358.4,62403
Clé de Peau Beauté,Europe,Madrid,High-Street,Mall Kiosk,11/8/24,1/7/25,60,LE-NP7U7EE2,Clé de Peau Beauté Rouge Blush,36.97,2156,888,48.23,14.8,32829.36,129360
YSL Beauty,North America,New York,Airport Duty-Free,Mobile Pop-Up Truck,5/25/25,7/14/25,50,LE-WV77GVF2,YSL Beauty Lumière Eyeshadow Palette,53.49,2066,3418,72.85,68.36,182828.82,103300
Clé de Peau Beauté,Latin America,São Paulo,High-Street,Shop-in-Shop,7/9/24,8/27/24,49,LE-NQ6GU3KS,Clé de Peau Beauté Rouge Highlighter,46.88,2643,3161,93.41,64.51020408,148187.68,129507
Valentino Beauty,Asia-Pacific,Shanghai,Department Store Atrium,Shop-in-Shop,3/5/24,5/11/24,67,LE-4WA5JQT5,Valentino Beauty Lumière Primer,57.26,1557,700,58.53,10.44776119,40082,104319
Chanel,North America,Miami,Department Store Atrium,Mobile Pop-Up Truck,4/8/24,6/23/24,76,LE-AO33IMBP,Chanel Opulence Lipstick,70.81,1044,3740,75.45,49.21052632,264829.4,79344
Rare Beauty,Latin America,São Paulo,Department Store Atrium,Shop-in-Shop,2/25/25,4/13/25,47,LE-U3I0Z4SI,Rare Beauty Glow Fragrance,184.55,1142,2822,74.68,60.04255319,520800.1,53674
Lancôme,Asia-Pacific,Seoul,Luxury Mall,Mall Kiosk,3/19/25,5/30/25,72,LE-GUAT5MBD,Lancôme Pearl Blush,43.83,872,1133,55.43,15.73611111,49659.39,62784
Armani Beauty,Europe,Milan,Art/Design District,Standalone Pop-Up,12/21/24,1/8/25,18,LE-EHOYRKYN,Armani Beauty Éclat Lipstick,38.52,537,1635,61.67,90.83333333,62980.2,9666
Estée Lauder,Asia-Pacific,Seoul,Department Store Atrium,Mobile Pop-Up Truck,5/29/24,6/7/24,9,LE-5QDBMA4M,Estée Lauder Glow Foundation,46.06,1597,279,73.42,31,12850.74,14373
Sisley-Paris,Middle East,Doha,Department Store Atrium,Standalone Pop-Up,2/13/25,5/14/25,90,LE-OX0X7KXF,Sisley-Paris Mirage Mascara,56.84,877,2436,73.51,27.06666667,138462.24,78930
La Prairie,Asia-Pacific,Hong Kong,Airport Duty-Free,Mobile Pop-Up Truck,12/1/24,1/21/25,51,LE-BXFPRNS3,La Prairie Velvet Foundation,102.89,1044,2717,54.71,53.2745098,279552.13,53244
La Prairie,Middle East,Doha,High-Street,Mall Kiosk,3/24/24,4/28/24,35,LE-JBQJJA54,La Prairie Glow Setting Powder,49.53,2007,2191,88.28,62.6,108520.23,70245
Hourglass,Middle East,Jeddah,Art/Design District,Shop-in-Shop,11/28/24,1/3/25,36,LE-AX637IY7,Hourglass Velvet Foundation,47.08,1066,1359,58.7,37.75,63981.72,38376
Lancôme,Middle East,Riyadh,Airport Duty-Free,Mall Kiosk,6/17/25,7/27/25,40,LE-NG9SJTDS,Lancôme Éclat Eyeshadow Palette,110.09,1530,2126,80.53,53.15,234051.34,61200
Rare Beauty,Asia-Pacific,Singapore,Luxury Mall,Mobile Pop-Up Truck,4/29/24,7/13/24,75,LE-SZ1FB7EK,Rare Beauty Satin Primer,76.84,1580,2504,90.53,33.38666667,192407.36,118500
Tom Ford Beauty,Europe,Milan,Airport Duty-Free,Standalone Pop-Up,1/21/25,1/28/25,7,LE-YVZGFXHG,Tom Ford Beauty Opulence Foundation,101.45,2135,699,81.47,99.85714286,70913.55,14945
Rare Beauty,Europe,Paris,High-Street,Mobile Pop-Up Truck,6/4/24,8/21/24,78,LE-VP7XIZT9,Rare Beauty Glow Primer,72.51,1045,3690,90.73,47.30769231,267561.9,81510
Charlotte Tilbury,Latin America,Buenos Aires,Department Store Atrium,Standalone Pop-Up,3/14/24,6/6/24,84,LE-S2S071DI,Charlotte Tilbury Glow Lipstick,31.68,1132,3338,72.2,39.73809524,105747.84,95088
Shiseido,Middle East,Doha,High-Street,Flash Event,2/20/25,3/20/25,28,LE-HPFYMRTP,Shiseido Opulence Setting Powder,41.24,1027,751,93.29,26.82142857,30971.24,28756
Armani Beauty,Middle East,Jeddah,Luxury Mall,Shop-in-Shop,7/6/24,9/12/24,68,LE-GIMYEBS3,Armani Beauty Opulence Mascara,59.5,863,1718,85.94,25.26470588,102221,58684
Fenty Beauty,Asia-Pacific,Seoul,Department Store Atrium,Shop-in-Shop,7/11/24,8/10/24,30,LE-R62GR9IC,Fenty Beauty Rouge Eyeshadow Palette,69.1,877,3034,73.66,101.1333333,209649.4,26310
Dior,Europe,Madrid,High-Street,Mall Kiosk,10/29/24,1/7/25,70,LE-T080EV97,Dior Éclat Primer,58.01,2039,292,69.52,4.171428571,16938.92,142730
La Prairie,North America,Toronto,Department Store Atrium,Shop-in-Shop,2/6/25,2/25/25,19,LE-RU2EFJVJ,La Prairie Lumière Lipstick,59.69,1078,2309,51.27,121.5263158,137824.21,20482
Hourglass,North America,Los Angeles,Department Store Atrium,Shop-in-Shop,4/20/24,6/18/24,59,LE-LN2AGI53,Hourglass Velvet Fragrance,199.7,1467,1819,89.74,30.83050847,363254.3,86553
Sisley-Paris,Latin America,Unknown,High-Street,Shop-in-Shop,5/19/25,5/25/25,6,LE-57GTJZ2K,Sisley-Paris Pearl Blush,62.34,2328,2661,60,443.5,165886.74,13968
Fenty Beauty,North America,New York,High-Street,Mobile Pop-Up Truck,6/5/24,8/1/24,57,LE-7FKCECBF,Fenty Beauty Rouge Fragrance,111.87,2758,1674,66.61,29.36842105,187270.38,157206
Hermès Beauty,North America,Chicago,Department Store Atrium,Shop-in-Shop,5/4/24,7/10/24,67,LE-PI16O88D,Hermès Beauty Pearl Setting Powder,82.32,1163,265,60.92,3.955223881,21814.8,77921
Tom Ford Beauty,Europe,Berlin,Airport Duty-Free,Mall Kiosk,10/8/24,12/18/24,71,LE-GOH2PDLN,Tom Ford Beauty Lumière Foundation,98.78,1878,2320,48.73,32.67605634,229169.6,133338
Guerlain,North America,Los Angeles,Airport Duty-Free,Flash Event,9/29/24,11/5/24,37,LE-GOUV9X4A,Guerlain Rouge Lipstick,53.12,1323,1960,95.56,52.97297297,104115.2,48951
Hourglass,Asia-Pacific,Tokyo,Airport Duty-Free,Flash Event,12/10/24,2/17/25,69,LE-Z86ZCGY0,Hourglass Glow Lipstick,30.04,1102,4273,95.72,61.92753623,128360.92,76038
MAC Cosmetics,Middle East,Dubai,Department Store Atrium,Mobile Pop-Up Truck,1/28/25,3/4/25,35,LE-3DV67EW0,MAC Cosmetics Velvet Setting Powder,46.1,566,1511,60.98,43.17142857,69657.1,19810
Estée Lauder,Asia-Pacific,Singapore,Luxury Mall,Mall Kiosk,4/20/25,4/26/25,6,LE-27DZ1OH7,Estée Lauder Pearl Mascara,72.36,1633,2035,78.69,339.1666667,147252.6,9798
Valentino Beauty,North America,Miami,Art/Design District,Mall Kiosk,3/12/24,3/21/24,9,LE-VJOYE9AE,Valentino Beauty Éclat Highlighter,53.73,649,1267,65.82,140.7777778,68075.91,5841
Hourglass,North America,Toronto,High-Street,Flash Event,11/11/24,12/28/24,47,LE-99M89TM3,Hourglass Pearl Serum,162.9,1684,2540,63.09,54.04255319,413766,79148
Chanel,Latin America,Mexico City,Luxury Mall,Shop-in-Shop,11/6/24,12/1/24,25,LE-THN51DXA,Chanel Éclat Highlighter,56.63,1228,3314,70,132.56,187671.82,30700
Bobbi Brown,Latin America,Lima,Art/Design District,Flash Event,3/15/25,6/7/25,84,LE-DLME9A6Z,Bobbi Brown Satin Highlighter,53.8,557,3712,89.86,44.19047619,199705.6,46788
Huda Beauty,Middle East,Doha,Airport Duty-Free,Standalone Pop-Up,6/18/24,7/2/24,14,LE-R169J37L,Huda Beauty Mirage Lipstick,42.64,1855,1464,65.74,104.5714286,62424.96,25970
Valentino Beauty,Latin America,Buenos Aires,Art/Design District,Mobile Pop-Up Truck,4/30/24,7/14/24,75,LE-5VLF397K,Valentino Beauty Mirage Foundation,90.51,1006,650,63.54,8.666666667,58831.5,75450
Fenty Beauty,Asia-Pacific,Singapore,Airport Duty-Free,Standalone Pop-Up,11/29/24,2/19/25,82,LE-LV4F74R9,Fenty Beauty Éclat Setting Powder,71.33,1816,2002,64.66,24.41463415,142802.66,148912
Hourglass,Asia-Pacific,Shanghai,Airport Duty-Free,Shop-in-Shop,5/17/24,8/3/24,78,LE-IN4UDULC,Hourglass Pearl Serum,104.24,1863,894,47.48,11.46153846,93190.56,145314
Hermès Beauty,Latin America,Buenos Aires,Luxury Mall,Mobile Pop-Up Truck,5/31/24,7/3/24,33,LE-R3BZJK45,Hermès Beauty Lumière Eyeshadow Palette,69.04,1470,2110,75.49,63.93939394,145674.4,48510
Givenchy Beauty,Latin America,Bogotá,Airport Duty-Free,Shop-in-Shop,5/8/24,7/20/24,73,LE-UDA3GU06,Givenchy Beauty Mirage Setting Powder,67.29,1103,2894,61.15,39.64383562,194737.26,80519
MAC Cosmetics,Middle East,Dubai,Art/Design District,Shop-in-Shop,9/15/24,11/1/24,47,LE-TUQXSHSJ,MAC Cosmetics Éclat Foundation,105.06,733,716,45.93,15.23404255,75222.96,34451
Huda Beauty,North America,New York,Airport Duty-Free,Standalone Pop-Up,10/13/24,1/9/25,88,LE-3IUS70QL,Huda Beauty Opulence Lipstick,35.68,2122,1729,59.62,19.64772727,61690.72,186736
Hermès Beauty,Middle East,Riyadh,Airport Duty-Free,Shop-in-Shop,8/5/24,9/13/24,39,LE-U2CEI6R2,Hermès Beauty Opulence Mascara,52.78,862,1013,60.84,25.97435897,53466.14,33618
Rare Beauty,Latin America,Bogotá,Airport Duty-Free,Mobile Pop-Up Truck,5/10/24,5/25/24,15,LE-7DEZQ7UN,Rare Beauty Noir Fragrance,341.58,868,2740,69.72,182.6666667,935929.2,13020
Chanel,Asia-Pacific,Hong Kong,Luxury Mall,Shop-in-Shop,7/30/24,9/23/24,55,LE-7XJNS5T8,Chanel Rouge Fragrance,108.34,1753,3300,91.69,60,357522,96415
Pat McGrath Labs,Middle East,Riyadh,Luxury Mall,Mobile Pop-Up Truck,10/24/24,1/1/25,69,LE-H7PB2NES,Pat McGrath Labs Pearl Mascara,47.74,1808,1179,74.1,17.08695652,56285.46,124752
Bobbi Brown,Latin America,Lima,High-Street,Flash Event,4/13/24,6/9/24,57,LE-TRP9S0NB,Bobbi Brown Éclat Blush,59.47,2217,4257,86.58,74.68421053,253163.79,126369
Chanel,Europe,Milan,Art/Design District,Mobile Pop-Up Truck,4/3/25,4/29/25,26,LE-T8T5GQZ7,Chanel Éclat Setting Powder,79.62,566,984,76.88,37.84615385,78346.08,14716
YSL Beauty,Latin America,Buenos Aires,Luxury Mall,Mall Kiosk,2/13/25,3/27/25,42,LE-WJDCJWZ4,YSL Beauty Noir Primer,36.47,1862,580,100,13.80952381,21152.6,78204
Guerlain,Europe,Madrid,High-Street,Standalone Pop-Up,11/25/24,12/10/24,15,LE-G9HXIMOJ,Guerlain Éclat Mascara,64.16,2040,578,69.89,38.53333333,37084.48,30600
Shiseido,Middle East,Dubai,Department Store Atrium,Shop-in-Shop,8/26/24,8/31/24,5,LE-MMLBT82Q,Shiseido Mirage Mascara,35.07,664,2355,91.78,471,82589.85,3320
Huda Beauty,Asia-Pacific,Singapore,Airport Duty-Free,Shop-in-Shop,3/25/25,4/17/25,23,LE-R4GYT0AX,Huda Beauty Mirage Blush,60.14,2096,2059,57.69,89.52173913,123828.26,48208
Charlotte Tilbury,Middle East,Dubai,Department Store Atrium,Flash Event,4/11/25,6/13/25,63,LE-30KWS8OK,Charlotte Tilbury Rouge Primer,69.72,1504,3346,79.46,53.11111111,233283.12,94752
Armani Beauty,Latin America,São Paulo,Airport Duty-Free,Mall Kiosk,5/13/25,6/13/25,31,LE-U0K4CMFE,Armani Beauty Pearl Primer,77.34,960,2253,86.32,72.67741935,174247.02,29760
Lancôme,North America,New York,High-Street,Flash Event,3/12/25,5/7/25,56,LE-NHXTK74U,Lancôme Noir Serum,257.37,1843,851,70.16,15.19642857,219021.87,103208
Givenchy Beauty,North America,Los Angeles,Art/Design District,Mobile Pop-Up Truck,11/8/24,1/2/25,55,LE-H5X0K1Z7,Givenchy Beauty Lumière Primer,62.73,858,3830,80.31,69.63636364,240255.9,47190
Hourglass,Middle East,Riyadh,Department Store Atrium,Mall Kiosk,6/28/24,8/28/24,61,LE-ICWI1GTJ,Hourglass Satin Setting Powder,81.63,1376,952,89.9,15.60655738,77711.76,83936
Chanel,North America,Miami,Department Store Atrium,Flash Event,3/4/24,3/7/24,3,LE-33BM1BQP,Chanel Pearl Setting Powder,70.94,668,2976,72.91,992,211117.44,2004
NARS,Latin America,São Paulo,Art/Design District,Mall Kiosk,3/10/25,5/21/25,72,LE-BUAHM634,NARS Lumière Fragrance,106.56,1029,856,77.12,11.88888889,91215.36,74088
Huda Beauty,Europe,London,Art/Design District,Mobile Pop-Up Truck,3/3/25,4/2/25,30,LE-VV0DCZF8,Huda Beauty Glow Fragrance,96.52,1093,1633,84.18,54.43333333,157617.16,32790
Chanel,Middle East,Riyadh,Airport Duty-Free,Flash Event,12/10/24,2/5/25,57,LE-E8BI6JNX,Chanel Mirage Blush,68.33,1696,4879,100,85.59649123,333382.07,96672
Sisley-Paris,Latin America,São Paulo,Department Store Atrium,Shop-in-Shop,4/7/25,5/12/25,35,LE-27ZEOYQS,Sisley-Paris Glow Primer,69.03,977,1405,69.38,40.14285714,96987.15,34195
Pat McGrath Labs,Latin America,Unknown,Art/Design District,Mall Kiosk,7/15/24,8/17/24,33,LE-2VPRQ9ZX,Pat McGrath Labs Noir Lipstick,43.87,1286,1349,91.15,40.87878788,59180.63,42438
Shiseido,Asia-Pacific,Singapore,Airport Duty-Free,Standalone Pop-Up,6/14/24,8/16/24,63,LE-7J1G43MY,Shiseido Pearl Eyeshadow Palette,111.1,1256,1801,85.03,28.58730159,200091.1,79128
Armani Beauty,North America,New York,High-Street,Mobile Pop-Up Truck,3/29/25,6/3/25,66,LE-1QE95WNG,Armani Beauty Velvet Primer,54.22,1856,2261,56.61,34.25757576,122591.42,122496
Guerlain,Middle East,Jeddah,Airport Duty-Free,Mall Kiosk,6/21/25,7/29/25,38,LE-UL6ZPD41,Guerlain Glow Fragrance,141.69,2470,1205,92.06,31.71052632,170736.45,93860
Givenchy Beauty,Europe,Madrid,Art/Design District,Standalone Pop-Up,3/1/24,5/26/24,86,LE-KAZO2G5Q,Givenchy Beauty Satin Setting Powder,49.08,902,1926,67.56,22.39534884,94528.08,77572
Guerlain,North America,New York,Art/Design District,Mobile Pop-Up Truck,3/14/24,4/23/24,40,LE-UW3DFSL2,Guerlain Noir Highlighter,58.5,829,1710,78.44,42.75,100035,33160
Huda Beauty,North America,Toronto,Department Store Atrium,Shop-in-Shop,6/18/24,6/24/24,6,LE-AZ0VD0FG,Huda Beauty Noir Mascara,65.76,1294,1153,63.18,192.1666667,75821.28,7764
Fenty Beauty,Latin America,Mexico City,Luxury Mall,Mall Kiosk,2/21/24,4/5/24,44,LE-7J5LH0ZF,Fenty Beauty Éclat Mascara,66.94,1762,1830,92.89,41.59090909,122500.2,77528
YSL Beauty,Middle East,Dubai,Art/Design District,Mall Kiosk,6/4/24,6/30/24,26,LE-VT2UCW6S,YSL Beauty Noir Mascara,68.1,547,164,67.77,6.307692308,11168.4,14222
Sisley-Paris,Europe,London,Airport Duty-Free,Mall Kiosk,10/22/24,12/29/24,68,LE-K4AJDWV6,Sisley-Paris Lumière Setting Powder,77.08,1577,811,83.18,11.92647059,62511.88,107236
Lancôme,North America,Los Angeles,High-Street,Standalone Pop-Up,6/3/25,7/22/25,49,LE-Q6AHMIRJ,Lancôme Glow Primer,52.5,1646,2018,78.19,41.18367347,105945,80654
Lancôme,Europe,Milan,Department Store Atrium,Mall Kiosk,10/10/24,12/28/24,79,LE-8HNCWIZ3,Lancôme Éclat Blush,46.36,1488,4399,94.04,55.6835443,203937.64,117552
La Prairie,Middle East,Abu Dhabi,Airport Duty-Free,Flash Event,1/6/25,3/4/25,57,LE-9USHYFBJ,La Prairie Glow Serum,84.3,2343,943,96.42,16.54385965,79494.9,133551
Hourglass,North America,Miami,Airport Duty-Free,Mobile Pop-Up Truck,10/27/24,12/14/24,48,LE-UP4CCOIK,Hourglass Glow Highlighter,66.99,1411,2705,84.14,56.35416667,181207.95,67728
YSL Beauty,Europe,London,Department Store Atrium,Mobile Pop-Up Truck,7/4/25,8/7/25,34,LE-VEC7RK5K,YSL Beauty Satin Fragrance,90.32,1496,3195,84.59,93.97058824,288572.4,50864
MAC Cosmetics,North America,New York,Department Store Atrium,Mobile Pop-Up Truck,4/4/24,5/6/24,32,LE-ER45UBVD,MAC Cosmetics Noir Primer,48.34,1763,1900,100,59.375,91846,56416
Lancôme,Latin America,Mexico City,Airport Duty-Free,Mobile Pop-Up Truck,6/8/24,8/17/24,70,LE-9KW1XS8D,Lancôme Velvet Eyeshadow Palette,54.42,1226,1847,67.26,26.38571429,100513.74,85820
Givenchy Beauty,Middle East,Doha,Airport Duty-Free,Flash Event,9/26/24,12/13/24,78,LE-M3YKV64M,Givenchy Beauty Glow Foundation,108.38,1328,2903,76.54,37.21794872,314627.14,103584
Givenchy Beauty,North America,Toronto,Art/Design District,Mobile Pop-Up Truck,2/24/24,4/3/24,39,LE-BA0MO7HV,Givenchy Beauty Mirage Setting Powder,67.18,831,3420,79.35,87.69230769,229755.6,32409
Valentino Beauty,North America,Toronto,Department Store Atrium,Standalone Pop-Up,6/9/24,6/18/24,9,LE-GUDG36AA,Valentino Beauty Velvet Setting Powder,60.72,971,1067,80.11,118.5555556,64788.24,8739
Chanel,Europe,Berlin,High-Street,Shop-in-Shop,3/4/25,3/17/25,13,LE-ELEH7V6R,Chanel Noir Serum,244.08,866,1012,66.8,77.84615385,247008.96,11258
Lancôme,Europe,Paris,Luxury Mall,Shop-in-Shop,8/1/24,8/23/24,22,LE-8I52YPHI,Lancôme Mirage Primer,43.14,1284,2812,59.92,127.8181818,121309.68,28248
Givenchy Beauty,Middle East,Abu Dhabi,Luxury Mall,Shop-in-Shop,8/3/24,9/2/24,30,LE-NGSC7CP2,Givenchy Beauty Glow Primer,45.88,2001,3069,83.78,102.3,140805.72,60030
Guerlain,Europe,London,Luxury Mall,Standalone Pop-Up,2/20/24,3/16/24,25,LE-TPGYUBO7,Guerlain Pearl Lipstick,50.15,1610,2225,54.31,89,111583.75,40250
Armani Beauty,Europe,London,Airport Duty-Free,Mobile Pop-Up Truck,6/9/25,6/13/25,4,LE-I2P2YCY5,Armani Beauty Glow Setting Powder,50.44,944,999,76.38,249.75,50389.56,3776
Fenty Beauty,Europe,Paris,High-Street,Mobile Pop-Up Truck,7/11/24,8/21/24,41,LE-NZ6CLCHG,Fenty Beauty Satin Mascara,39.94,1429,2437,66.97,59.43902439,97333.78,58589
Huda Beauty,North America,Miami,Department Store Atrium,Standalone Pop-Up,12/11/24,12/15/24,4,LE-7R9QXDNP,Huda Beauty Rouge Lipstick,50.11,966,2470,75.4,617.5,123771.7,3864
Bobbi Brown,Middle East,Jeddah,Airport Duty-Free,Standalone Pop-Up,6/23/25,7/13/25,20,LE-K49MTDX6,Bobbi Brown Éclat Mascara,70.01,1540,663,62.9,33.15,46416.63,30800
Lancôme,Latin America,Mexico City,High-Street,Standalone Pop-Up,6/2/24,6/20/24,18,LE-MQC0531I,Lancôme Glow Lipstick,47.66,1184,318,69.43,17.66666667,15155.88,21312
Armani Beauty,Asia-Pacific,Shanghai,Luxury Mall,Mall Kiosk,3/4/24,3/7/24,3,LE-RO3XGV0T,Armani Beauty Lumière Eyeshadow Palette,94.09,1120,1398,67.24,466,131537.82,3360
La Prairie,Middle East,Riyadh,Airport Duty-Free,Mall Kiosk,5/11/24,5/16/24,5,LE-BWL3FPUV,La Prairie Lumière Mascara,50.26,2264,2084,50.48,416.8,104741.84,11320
Givenchy Beauty,Middle East,Doha,High-Street,Mall Kiosk,2/16/25,4/8/25,51,LE-7H1MQU5C,Givenchy Beauty Lumière Lipstick,45.7,2131,1592,85.09,31.21568627,72754.4,108681
Givenchy Beauty,Middle East,Jeddah,Art/Design District,Mobile Pop-Up Truck,3/16/24,6/1/24,77,LE-SKWA5KDG,Givenchy Beauty Éclat Lipstick,45.7,857,943,68.78,12.24675325,43095.1,65989
Clé de Peau Beauté,Latin America,São Paulo,Department Store Atrium,Shop-in-Shop,8/24/24,8/27/24,3,LE-4ZMNLYNP,Clé de Peau Beauté Velvet Lipstick,59.77,1731,1354,87.07,451.3333333,80928.58,5193
Guerlain,Latin America,São Paulo,Airport Duty-Free,Standalone Pop-Up,4/1/25,5/6/25,35,LE-MS3H31SL,Guerlain Pearl Eyeshadow Palette,96.16,1212,741,45.66,21.17142857,71254.56,42420
Givenchy Beauty,Middle East,Dubai,Airport Duty-Free,Standalone Pop-Up,4/22/25,6/5/25,44,LE-QUY6053S,Givenchy Beauty Rouge Eyeshadow Palette,139.94,937,775,50.32,17.61363636,108453.5,41228
La Prairie,North America,Los Angeles,High-Street,Mobile Pop-Up Truck,4/20/25,7/18/25,89,LE-FLE79WD2,La Prairie Éclat Setting Powder,43.42,2054,588,57.37,6.606741573,25530.96,182806
Rare Beauty,Latin America,São Paulo,Luxury Mall,Shop-in-Shop,4/19/24,4/27/24,8,LE-GFSR26BT,Rare Beauty Mirage Serum,155.02,1453,1622,59.44,202.75,251442.44,11624
Dior,Middle East,Abu Dhabi,High-Street,Mobile Pop-Up Truck,4/27/25,7/24/25,88,LE-BUSXQ36N,Dior Velvet Serum,176.63,2435,4366,91.59,49.61363636,771166.58,214280
Chanel,North America,Chicago,Luxury Mall,Shop-in-Shop,5/31/24,6/21/24,21,LE-QJCDSW1A,Chanel Noir Eyeshadow Palette,124.87,1905,287,50.53,13.66666667,35837.69,40005
Sisley-Paris,Europe,Madrid,Art/Design District,Flash Event,6/27/25,7/23/25,26,LE-LGUPF0LI,Sisley-Paris Opulence Blush,41.24,1433,3075,100,118.2692308,126813,37258
MAC Cosmetics,Latin America,São Paulo,Luxury Mall,Mall Kiosk,6/8/24,6/14/24,6,LE-9YTVVEC0,MAC Cosmetics Satin Foundation,105.87,1951,3810,81.2,635,403364.7,11706
Fenty Beauty,North America,Chicago,Luxury Mall,Shop-in-Shop,7/15/24,8/4/24,20,LE-YBDSGL6M,Fenty Beauty Éclat Lipstick,65.18,2038,954,89.66,47.7,62181.72,40760
Guerlain,Europe,Madrid,Luxury Mall,Standalone Pop-Up,3/16/24,5/25/24,70,LE-XSRRAFFM,Guerlain Pearl Lipstick,39.4,1150,628,45.84,8.971428571,24743.2,80500
Chanel,North America,Chicago,Airport Duty-Free,Shop-in-Shop,12/16/24,2/1/25,47,LE-BA4VT7H0,Chanel Noir Blush,48.73,2297,1909,65.22,40.61702128,93025.57,107959
Guerlain,Europe,Madrid,Art/Design District,Standalone Pop-Up,6/2/24,7/23/24,51,LE-66KNTBKO,Guerlain Glow Setting Powder,60.23,1040,2929,59.76,57.43137255,176413.67,53040
Tom Ford Beauty,Middle East,Riyadh,Luxury Mall,Shop-in-Shop,5/18/25,6/21/25,34,LE-IZS2ARUD,Tom Ford Beauty Pearl Eyeshadow Palette,90.58,1004,3126,80.71,91.94117647,283153.08,34136
Valentino Beauty,Latin America,Lima,High-Street,Flash Event,9/28/24,10/28/24,30,LE-1GZRG34N,Valentino Beauty Glow Lipstick,35.38,1223,752,75.5,25.06666667,26605.76,36690
Valentino Beauty,Latin America,Buenos Aires,Art/Design District,Standalone Pop-Up,11/25/24,1/16/25,52,LE-E121YVT8,Valentino Beauty Lumière Eyeshadow Palette,110.7,626,329,52.06,6.326923077,36420.3,32552
Hourglass,Europe,Paris,Department Store Atrium,Mall Kiosk,3/12/24,6/7/24,87,LE-8P6X8PJW,Hourglass Opulence Blush,44.55,1446,544,62.82,6.252873563,24235.2,125802
Pat McGrath Labs,Latin America,Unknown,Department Store Atrium,Standalone Pop-Up,7/8/24,9/7/24,61,LE-1S490RHO,Pat McGrath Labs Mirage Highlighter,53.91,943,530,55.91,8.68852459,28572.3,57523
Lancôme,Latin America,Buenos Aires,High-Street,Shop-in-Shop,4/23/25,5/3/25,10,LE-NYNMCEX1,Lancôme Opulence Primer,52.04,1015,1975,61.8,197.5,102779,10150
Tom Ford Beauty,Europe,Paris,Luxury Mall,Mall Kiosk,3/26/24,6/21/24,87,LE-LGHCLYZ3,Tom Ford Beauty Opulence Serum,263.22,737,2291,51.83,26.33333333,603037.02,64119
Lancôme,Europe,London,Airport Duty-Free,Mall Kiosk,10/28/24,1/24/25,88,LE-JP5E1F9F,Lancôme Satin Blush,37.7,1752,859,87.83,9.761363636,32384.3,154176
Shiseido,Latin America,São Paulo,Airport Duty-Free,Standalone Pop-Up,7/23/24,8/22/24,30,LE-CMMSHY8X,Shiseido Velvet Primer,61.12,1681,1704,81.92,56.8,104148.48,50430
YSL Beauty,Middle East,Dubai,Department Store Atrium,Mobile Pop-Up Truck,1/16/25,3/24/25,67,LE-DN3IOYAL,YSL Beauty Éclat Highlighter,64.89,1365,2636,69.74,39.34328358,171050.04,91455
Givenchy Beauty,Europe,Paris,Department Store Atrium,Mobile Pop-Up Truck,4/20/25,6/4/25,45,LE-HQX7KLXU,Givenchy Beauty Noir Primer,57.05,855,2028,51.52,45.06666667,115697.4,38475
Guerlain,North America,Toronto,Art/Design District,Standalone Pop-Up,9/22/24,10/3/24,11,LE-M1MN1LZI,Guerlain Noir Fragrance,361.48,545,2756,64.38,250.5454545,996238.88,5995
Armani Beauty,Europe,London,Department Store Atrium,Standalone Pop-Up,3/1/25,4/29/25,59,LE-4TXRCSAV,Armani Beauty Éclat Foundation,108.27,1311,398,79.44,6.745762712,43091.46,77349
NARS,Europe,London,Department Store Atrium,Mobile Pop-Up Truck,4/23/24,7/5/24,73,LE-KS92J40M,NARS Satin Setting Powder,73.52,688,556,67.72,7.616438356,40877.12,50224
Pat McGrath Labs,North America,Miami,Luxury Mall,Mobile Pop-Up Truck,3/10/25,4/28/25,49,LE-ZQ7R3CO6,Pat McGrath Labs Rouge Primer,82,798,1017,63.8,20.75510204,83394,39102
Armani Beauty,North America,Chicago,Luxury Mall,Mall Kiosk,2/26/25,5/15/25,78,LE-QJ8PF1VG,Armani Beauty Glow Eyeshadow Palette,83.4,1429,1553,60.08,19.91025641,129520.2,111462
Sisley-Paris,Asia-Pacific,Seoul,Luxury Mall,Mobile Pop-Up Truck,7/11/24,8/15/24,35,LE-KN5LPS1I,Sisley-Paris Lumière Lipstick,47.74,1597,1100,71.2,31.42857143,52514,55895
Hourglass,Middle East,Riyadh,Art/Design District,Mall Kiosk,5/27/24,6/4/24,8,LE-I8HBYQQS,Hourglass Mirage Foundation,55.12,1121,1885,40.45,235.625,103901.2,8968
Charlotte Tilbury,Europe,Milan,Luxury Mall,Flash Event,1/5/25,1/9/25,4,LE-TSZ948SJ,Charlotte Tilbury Glow Highlighter,36.38,934,1922,68.81,480.5,69922.36,3736
Dior,Latin America,Buenos Aires,Luxury Mall,Mall Kiosk,5/18/25,7/3/25,46,LE-M5YR2V60,Dior Noir Eyeshadow Palette,134.38,1291,2924,75.79,63.56521739,392927.12,59386
Dior,Europe,Paris,Department Store Atrium,Standalone Pop-Up,2/15/25,4/7/25,51,LE-DW7EWMQF,Dior Opulence Lipstick,49.42,1631,3237,67.19,63.47058824,159972.54,83181
Rare Beauty,North America,Los Angeles,High-Street,Shop-in-Shop,4/9/25,5/11/25,32,LE-MLMC95AH,Rare Beauty Rouge Foundation,101.44,2186,3878,86.37,121.1875,393384.32,69952
Armani Beauty,North America,New York,Airport Duty-Free,Mobile Pop-Up Truck,10/16/24,11/29/24,44,LE-OX0YFLVB,Armani Beauty Pearl Mascara,30.15,1107,2148,79.38,48.81818182,64762.2,48708
Estée Lauder,Asia-Pacific,Tokyo,Art/Design District,Mobile Pop-Up Truck,7/10/24,8/2/24,23,LE-CSGWJRVY,Estée Lauder Rouge Fragrance,352.8,1142,3032,68.91,131.826087,1069689.6,26266
MAC Cosmetics,Latin America,São Paulo,Art/Design District,Mall Kiosk,10/5/24,10/26/24,21,LE-NUVD0M1S,MAC Cosmetics Rouge Fragrance,264.6,1116,2422,58.97,115.3333333,640861.2,23436
Clé de Peau Beauté,Latin America,Buenos Aires,Department Store Atrium,Standalone Pop-Up,8/28/24,11/7/24,71,LE-C91CB0P8,Clé de Peau Beauté Éclat Mascara,70.73,633,4460,99.6,62.81690141,315455.8,44943
Shiseido,Asia-Pacific,Singapore,Department Store Atrium,Shop-in-Shop,4/27/24,6/17/24,51,LE-JN2CPFN8,Shiseido Glow Highlighter,81.96,1137,601,44.68,11.78431373,49257.96,57987
Dior,Europe,Paris,Department Store Atrium,Standalone Pop-Up,6/21/24,9/1/24,72,LE-XBXYSQNZ,Dior Noir Blush,54.2,1207,1997,74.6,27.73611111,108237.4,86904
Huda Beauty,North America,Miami,Luxury Mall,Standalone Pop-Up,6/3/24,7/10/24,37,LE-8OSYSAXZ,Huda Beauty Satin Setting Powder,62.34,1420,2243,56.8,60.62162162,139828.62,52540
Clé de Peau Beauté,Asia-Pacific,Singapore,Luxury Mall,Shop-in-Shop,5/15/25,7/21/25,67,LE-9LK5TEKE,Clé de Peau Beauté Mirage Primer,57.08,2109,2789,57.98,41.62686567,159196.12,141303
Dior,Asia-Pacific,Singapore,High-Street,Mobile Pop-Up Truck,11/23/24,1/7/25,45,LE-G1QVHB35,Dior Lumière Blush,43.95,1424,3210,80.98,71.33333333,141079.5,64080
Armani Beauty,Latin America,Bogotá,Luxury Mall,Flash Event,11/4/24,11/22/24,18,LE-CA46ZJ3U,Armani Beauty Pearl Eyeshadow Palette,81.56,737,2549,89.91,141.6111111,207896.44,13266
Guerlain,Latin America,São Paulo,Luxury Mall,Standalone Pop-Up,9/12/24,10/16/24,34,LE-90RCOZE9,Guerlain Lumière Foundation,116.25,1765,2736,57.38,80.47058824,318060,60010
Sisley-Paris,Europe,Paris,Luxury Mall,Flash Event,9/21/24,10/4/24,13,LE-XLJSWU43,Sisley-Paris Lumière Serum,231.74,1899,1329,92.81,102.2307692,307982.46,24687
Charlotte Tilbury,Latin America,Lima,Airport Duty-Free,Mobile Pop-Up Truck,3/6/24,4/15/24,40,LE-EU3295UL,Charlotte Tilbury Satin Eyeshadow Palette,129.83,982,3147,67.79,78.675,408575.01,39280
Hermès Beauty,Asia-Pacific,Shanghai,Airport Duty-Free,Standalone Pop-Up,5/4/24,6/28/24,55,LE-P1J1NNYQ,Hermès Beauty Pearl Primer,37.48,1440,1417,86.4,25.76363636,53109.16,79200
Pat McGrath Labs,Asia-Pacific,Unknown,Airport Duty-Free,Shop-in-Shop,8/14/24,11/5/24,83,LE-9NK9ZQCB,Pat McGrath Labs Pearl Highlighter,76.72,1052,2180,76.87,26.26506024,167249.6,87316
Shiseido,Asia-Pacific,Shanghai,Department Store Atrium,Standalone Pop-Up,4/4/25,4/11/25,7,LE-L23FY2MU,Shiseido Noir Foundation,71.26,995,2160,55.05,308.5714286,153921.6,6965
Pat McGrath Labs,Latin America,Lima,Luxury Mall,Flash Event,2/14/25,5/6/25,81,LE-T9AJZU2G,Pat McGrath Labs Glow Foundation,52.05,1501,1223,55.92,15.09876543,63657.15,121581
Lancôme,Middle East,Dubai,Department Store Atrium,Standalone Pop-Up,8/19/24,9/17/24,29,LE-ABNPCOIQ,Lancôme Velvet Blush,32.32,1425,2458,61.76,84.75862069,79442.56,41325
Guerlain,Latin America,São Paulo,Airport Duty-Free,Flash Event,6/23/25,8/3/25,41,LE-GB9WVJ65,Guerlain Éclat Setting Powder,66.38,1623,1711,99.36,41.73170732,113576.18,66543
La Prairie,Latin America,São Paulo,Airport Duty-Free,Mobile Pop-Up Truck,12/17/24,2/1/25,46,LE-8431MGNN,La Prairie Noir Serum,219.6,1382,239,73.09,5.195652174,52484.4,63572
Charlotte Tilbury,Asia-Pacific,Seoul,Department Store Atrium,Mobile Pop-Up Truck,9/22/24,10/20/24,28,LE-AADX12RE,Charlotte Tilbury Velvet Serum,193.84,1114,851,70.04,30.39285714,164957.84,31192
Pat McGrath Labs,Latin America,Mexico City,Department Store Atrium,Mall Kiosk,2/10/25,3/1/25,19,LE-TBT3M4W2,Pat McGrath Labs Velvet Setting Powder,71.54,694,1321,39.97,69.52631579,94504.34,13186
Clé de Peau Beauté,Latin America,Lima,Art/Design District,Mall Kiosk,4/7/24,7/4/24,88,LE-BMAKL91N,Clé de Peau Beauté Rouge Primer,64.98,1109,805,80.42,9.147727273,52308.9,97592
Givenchy Beauty,Latin America,Buenos Aires,High-Street,Shop-in-Shop,3/27/24,5/17/24,51,LE-LONUGGW9,Givenchy Beauty Satin Foundation,101.73,2504,673,61.69,13.19607843,68464.29,127704
Lancôme,Asia-Pacific,Singapore,Airport Duty-Free,Mall Kiosk,1/21/25,3/31/25,69,LE-ZJ0GHOSG,Lancôme Glow Lipstick,45.2,1771,1640,61.52,23.76811594,74128,122199
Armani Beauty,Asia-Pacific,Shanghai,High-Street,Mobile Pop-Up Truck,5/13/24,7/14/24,62,LE-WQKXZFSP,Armani Beauty Rouge Foundation,74.49,1023,2400,81.08,38.70967742,178776,63426
YSL Beauty,Middle East,Abu Dhabi,Airport Duty-Free,Flash Event,9/4/24,11/9/24,66,LE-NRG0C5ZH,YSL Beauty Velvet Eyeshadow Palette,113.98,1174,673,71.37,10.1969697,76708.54,77484
Valentino Beauty,Latin America,Bogotá,Department Store Atrium,Mall Kiosk,6/20/25,7/21/25,31,LE-OD2PATTO,Valentino Beauty Pearl Lipstick,42.87,1918,1772,91.91,57.16129032,75965.64,59458
Rare Beauty,Middle East,Jeddah,Department Store Atrium,Mall Kiosk,3/7/24,5/26/24,80,LE-U2DLB0VU,Rare Beauty Velvet Eyeshadow Palette,82.73,954,1972,58,24.65,163143.56,76320
YSL Beauty,Middle East,Doha,Airport Duty-Free,Standalone Pop-Up,6/22/24,7/8/24,16,LE-P9GEJH9H,YSL Beauty Velvet Fragrance,187.15,1202,533,88.83,33.3125,99750.95,19232
Dior,Asia-Pacific,Singapore,High-Street,Mall Kiosk,5/9/24,6/9/24,31,LE-S0PLZ17W,Dior Noir Blush,50.2,2292,424,56.99,13.67741935,21284.8,71052
Charlotte Tilbury,North America,Toronto,Luxury Mall,Mobile Pop-Up Truck,4/18/24,5/24/24,36,LE-CUNTCR54,Charlotte Tilbury Glow Foundation,88.17,1003,1117,73.44,31.02777778,98485.89,36108
Sisley-Paris,North America,New York,Department Store Atrium,Mobile Pop-Up Truck,10/23/24,11/6/24,14,LE-RL21U8HO,Sisley-Paris Mirage Blush,66.23,1813,2411,89.83,172.2142857,159680.53,25382
Valentino Beauty,Middle East,Unknown,Airport Duty-Free,Flash Event,12/22/24,12/30/24,8,LE-TCC6C2CL,Valentino Beauty Opulence Mascara,67.47,1078,1734,93.48,216.75,116992.98,8624
Fenty Beauty,Latin America,Bogotá,High-Street,Mall Kiosk,7/18/24,8/23/24,36,LE-7M8WY4DM,Fenty Beauty Noir Setting Powder,56.1,1257,551,60.55,15.30555556,30911.1,45252
Hourglass,North America,Chicago,Art/Design District,Flash Event,5/28/24,5/31/24,3,LE-BK3GPG8M,Hourglass Pearl Highlighter,61.43,810,2191,67.04,730.3333333,134593.13,2430
YSL Beauty,North America,Chicago,Department Store Atrium,Standalone Pop-Up,4/17/24,5/20/24,33,LE-71ERAFKC,YSL Beauty Velvet Mascara,47.71,1207,1590,52.6,48.18181818,75858.9,39831
Bobbi Brown,North America,Chicago,High-Street,Mall Kiosk,9/22/24,11/9/24,48,LE-3XKCWD3N,Bobbi Brown Satin Fragrance,261.69,2065,2348,87.94,48.91666667,614448.12,99120
Guerlain,North America,Los Angeles,Art/Design District,Shop-in-Shop,11/4/24,12/16/24,42,LE-LYLL7X99,Guerlain Mirage Serum,108.88,631,3947,81.52,93.97619048,429749.36,26502
Shiseido,Middle East,Riyadh,Luxury Mall,Shop-in-Shop,7/11/24,9/4/24,55,LE-LMZFPPKD,Shiseido Noir Eyeshadow Palette,125.68,1524,677,78.81,12.30909091,85085.36,83820
MAC Cosmetics,Asia-Pacific,Shanghai,High-Street,Flash Event,6/4/25,6/12/25,8,LE-YHACS62H,MAC Cosmetics Rouge Highlighter,43.94,2469,2321,79.03,290.125,101984.74,19752
Fenty Beauty,Asia-Pacific,Seoul,High-Street,Flash Event,1/18/25,3/26/25,67,LE-37TXV2LS,Fenty Beauty Noir Fragrance,276.97,1883,1245,96.36,18.58208955,344827.65,126161
Tom Ford Beauty,Middle East,Dubai,Airport Duty-Free,Mall Kiosk,8/22/24,10/29/24,68,LE-CPNIS95A,Tom Ford Beauty Noir Foundation,114.45,2102,3243,75.68,47.69117647,371161.35,142936
MAC Cosmetics,Europe,London,Luxury Mall,Mobile Pop-Up Truck,11/14/24,1/31/25,78,LE-PSAKD4M0,MAC Cosmetics Velvet Foundation,117.49,923,1294,61.74,16.58974359,152032.06,71994
YSL Beauty,Latin America,São Paulo,Luxury Mall,Standalone Pop-Up,3/31/25,5/9/25,39,LE-SNFZ5Y78,YSL Beauty Opulence Lipstick,64.81,1083,816,57.42,20.92307692,52884.96,42237
Hourglass,Middle East,Dubai,Art/Design District,Mobile Pop-Up Truck,8/18/24,11/16/24,90,LE-6RMSACQV,Hourglass Velvet Fragrance,213.95,816,1463,61.19,16.25555556,313008.85,73440
Chanel,Middle East,Abu Dhabi,Department Store Atrium,Mall Kiosk,5/31/24,7/21/24,51,LE-4GJLH94I,Chanel Satin Blush,45.39,837,1717,56.85,33.66666667,77934.63,42687
Valentino Beauty,Europe,Paris,High-Street,Flash Event,4/8/24,5/11/24,33,LE-7VTHMGYD,Valentino Beauty Rouge Eyeshadow Palette,77.24,1718,365,58.87,11.06060606,28192.6,56694
Huda Beauty,Europe,Paris,Airport Duty-Free,Flash Event,3/15/24,5/31/24,77,LE-7MHXV9GG,Huda Beauty Éclat Fragrance,283.23,1794,1208,54.51,15.68831169,342141.84,138138
Hermès Beauty,Latin America,Mexico City,Airport Duty-Free,Mall Kiosk,2/10/25,4/16/25,65,LE-M0DJBYH6,Hermès Beauty Opulence Setting Powder,76.78,940,278,49.55,4.276923077,21344.84,61100
Hourglass,Middle East,Abu Dhabi,Department Store Atrium,Mobile Pop-Up Truck,2/26/24,4/13/24,47,LE-IA3VKZK8,Hourglass Rouge Highlighter,45.38,1452,1009,81.37,21.46808511,45788.42,68244
Hermès Beauty,North America,New York,Art/Design District,Mall Kiosk,5/20/25,6/4/25,15,LE-7UETA62L,Hermès Beauty Satin Mascara,49.86,778,1242,81.07,82.8,61926.12,11670
Hermès Beauty,Latin America,Unknown,Department Store Atrium,Standalone Pop-Up,1/25/25,3/26/25,60,LE-04V5FC2N,Hermès Beauty Lumière Highlighter,76.02,1450,711,76.7,11.85,54050.22,87000
Sisley-Paris,Asia-Pacific,Tokyo,Art/Design District,Mall Kiosk,7/6/24,9/27/24,83,LE-J04R964H,Sisley-Paris Mirage Serum,181.38,722,659,56.96,7.939759036,119529.42,59926
Hermès Beauty,Asia-Pacific,Seoul,Airport Duty-Free,Shop-in-Shop,5/2/25,6/17/25,46,LE-J7JVJZRB,Hermès Beauty Lumière Setting Powder,55.59,2463,1291,66.68,28.06521739,71766.69,113298
NARS,Asia-Pacific,Tokyo,Airport Duty-Free,Flash Event,3/9/25,5/4/25,56,LE-W7438MDF,NARS Opulence Primer,37.47,2173,2328,62.56,41.57142857,87230.16,121688
NARS,Asia-Pacific,Hong Kong,Luxury Mall,Mall Kiosk,12/6/24,1/27/25,52,LE-8TYBSGHE,NARS Mirage Serum,157.09,1818,799,100,15.36538462,125514.91,94536
Givenchy Beauty,Asia-Pacific,Hong Kong,Art/Design District,Flash Event,10/14/24,12/6/24,53,LE-J8CYCHML,Givenchy Beauty Velvet Blush,63.75,1316,3896,89.67,73.50943396,248370,69748
Sisley-Paris,Middle East,Riyadh,Department Store Atrium,Shop-in-Shop,11/15/24,12/8/24,23,LE-LW841D07,Sisley-Paris Noir Lipstick,32.46,1028,1403,49.47,61,45541.38,23644
Guerlain,Latin America,Mexico City,Airport Duty-Free,Mobile Pop-Up Truck,3/28/25,5/21/25,54,LE-RG8XULPF,Guerlain Satin Eyeshadow Palette,149.79,1397,879,51.43,16.27777778,131665.41,75438
Guerlain,Latin America,São Paulo,Art/Design District,Standalone Pop-Up,5/6/25,5/10/25,4,LE-KURC9BK7,Guerlain Velvet Highlighter,67.84,661,1996,77.76,499,135408.64,2644
YSL Beauty,Middle East,Doha,High-Street,Flash Event,9/8/24,11/10/24,63,LE-HWZLI7CJ,YSL Beauty Opulence Lipstick,38.76,1508,3486,77.24,55.33333333,135117.36,95004
Hourglass,Middle East,Dubai,Art/Design District,Mall Kiosk,5/22/25,8/7/25,77,LE-B4DYT7NT,Hourglass Opulence Highlighter,63.15,563,1756,99.6,22.80519481,110891.4,43351
Bobbi Brown,Middle East,Abu Dhabi,High-Street,Shop-in-Shop,8/26/24,9/5/24,10,LE-IN6RUS9B,Bobbi Brown Velvet Setting Powder,60.18,2099,2636,86.8,263.6,158634.48,20990
Guerlain,Middle East,Riyadh,Department Store Atrium,Mall Kiosk,4/6/24,5/29/24,53,LE-XTOHW2PT,Guerlain Mirage Eyeshadow Palette,138.89,709,1694,67.28,31.96226415,235279.66,37577
YSL Beauty,Asia-Pacific,Seoul,High-Street,Mobile Pop-Up Truck,5/11/25,6/18/25,38,LE-0WUIT79J,YSL Beauty Éclat Lipstick,44.44,1855,1807,42.93,47.55263158,80303.08,70490
Rare Beauty,Middle East,Doha,Airport Duty-Free,Mobile Pop-Up Truck,1/29/25,3/4/25,34,LE-U7HP8Y9Y,Rare Beauty Pearl Lipstick,71.3,2225,1238,49.76,36.41176471,88269.4,75650
Clé de Peau Beauté,Middle East,Dubai,High-Street,Mobile Pop-Up Truck,9/13/24,10/14/24,31,LE-YN6DSB1W,Clé de Peau Beauté Velvet Lipstick,46.48,1709,598,89.79,19.29032258,27795.04,52979
Sisley-Paris,Asia-Pacific,Tokyo,Art/Design District,Flash Event,5/17/25,7/3/25,47,LE-0EKRTHXG,Sisley-Paris Lumière Serum,166.03,753,1038,72.23,22.08510638,172339.14,35391
Chanel,Asia-Pacific,Shanghai,Art/Design District,Mobile Pop-Up Truck,4/14/25,4/24/25,10,LE-LU9M5TU8,Chanel Opulence Primer,44.12,1070,2706,82.25,270.6,119388.72,10700
Hermès Beauty,Middle East,Jeddah,High-Street,Mall Kiosk,10/28/24,11/29/24,32,LE-DV45IC7M,Hermès Beauty Lumière Fragrance,126.87,1793,2910,85.71,90.9375,369191.7,57376
Sisley-Paris,Latin America,Bogotá,Department Store Atrium,Mobile Pop-Up Truck,12/28/24,3/12/25,74,LE-YXI47ACD,Sisley-Paris Mirage Blush,58.3,574,1035,69.84,13.98648649,60340.5,42476
Valentino Beauty,Middle East,Doha,High-Street,Flash Event,7/24/24,10/6/24,74,LE-118310R4,Valentino Beauty Mirage Primer,52.63,2229,1767,60.37,23.87837838,92997.21,164946
Huda Beauty,Latin America,Mexico City,Luxury Mall,Shop-in-Shop,6/30/25,8/11/25,42,LE-7XUD8KCQ,Huda Beauty Velvet Setting Powder,67.91,954,958,72.08,22.80952381,65057.78,40068
Valentino Beauty,North America,Chicago,Art/Design District,Mall Kiosk,11/28/24,1/28/25,61,LE-T2QKVZ4L,Valentino Beauty Rouge Primer,57.24,1269,1752,55.03,28.72131148,100284.48,77409
Guerlain,Europe,Berlin,Luxury Mall,Shop-in-Shop,3/5/25,4/1/25,27,LE-2490V9AN,Guerlain Éclat Fragrance,139.41,670,3001,77.45,111.1481481,418369.41,18090
Rare Beauty,Europe,London,High-Street,Flash Event,3/14/24,4/3/24,20,LE-GJKX40MP,Rare Beauty Glow Primer,51.29,1634,1604,75.02,80.2,82269.16,32680
Hourglass,Latin America,São Paulo,Department Store Atrium,Mobile Pop-Up Truck,7/27/24,9/13/24,48,LE-QSVRDZJ1,Hourglass Opulence Serum,243.61,1519,1863,91.23,38.8125,453845.43,72912
Hermès Beauty,Asia-Pacific,Singapore,High-Street,Mobile Pop-Up Truck,3/21/25,5/30/25,70,LE-9650TQWT,Hermès Beauty Opulence Serum,212.93,1092,2128,95.3,30.4,453115.04,76440
Valentino Beauty,Europe,London,High-Street,Mall Kiosk,10/24/24,1/19/25,87,LE-XVY9W5LJ,Valentino Beauty Opulence Mascara,47.04,2405,125,50.4,1.436781609,5880,209235
La Prairie,Asia-Pacific,Hong Kong,Airport Duty-Free,Mall Kiosk,4/17/24,5/12/24,25,LE-P008N4OQ,La Prairie Velvet Foundation,111.48,1626,2277,59.3,91.08,253839.96,40650
YSL Beauty,Europe,Paris,Luxury Mall,Standalone Pop-Up,12/16/24,12/25/24,9,LE-U9DPCY13,YSL Beauty Velvet Fragrance,300.45,766,217,56.96,24.11111111,65197.65,6894
Shiseido,Asia-Pacific,Unknown,Art/Design District,Standalone Pop-Up,8/2/24,8/20/24,18,LE-NLON7GCN,Shiseido Opulence Primer,43.09,1201,859,70.7,47.72222222,37014.31,21618
Estée Lauder,Latin America,Buenos Aires,Airport Duty-Free,Mall Kiosk,8/29/24,10/23/24,55,LE-F6YPG1EX,Estée Lauder Mirage Foundation,114.26,2208,3020,68.93,54.90909091,345065.2,121440
Rare Beauty,Latin America,Buenos Aires,Luxury Mall,Shop-in-Shop,7/28/24,8/12/24,15,LE-SAYNRSKQ,Rare Beauty Opulence Serum,141.73,953,1232,67.1,82.13333333,174611.36,14295
NARS,Asia-Pacific,Seoul,Luxury Mall,Shop-in-Shop,5/2/24,5/13/24,11,LE-TGRHSU19,NARS Mirage Setting Powder,46.1,1973,623,74.79,56.63636364,28720.3,21703
La Prairie,Asia-Pacific,Tokyo,High-Street,Mobile Pop-Up Truck,2/14/25,4/16/25,61,LE-HNIUC23F,La Prairie Noir Eyeshadow Palette,108.87,1935,502,78.68,8.229508197,54652.74,118035
Lancôme,Europe,Madrid,Department Store Atrium,Standalone Pop-Up,2/9/25,4/29/25,79,LE-Q7YV3CAU,Lancôme Pearl Primer,55.75,1825,2572,82.81,32.55696203,143389,144175
Lancôme,Asia-Pacific,Tokyo,High-Street,Mobile Pop-Up Truck,1/27/25,2/1/25,5,LE-YBXGGWUE,Lancôme Opulence Primer,82.72,864,1203,45.99,240.6,99512.16,4320
YSL Beauty,Asia-Pacific,Shanghai,High-Street,Flash Event,3/30/24,6/23/24,85,LE-PZLHZS51,YSL Beauty Velvet Foundation,98.61,994,543,70.34,6.388235294,53545.23,84490
MAC Cosmetics,Middle East,Abu Dhabi,Art/Design District,Standalone Pop-Up,10/29/24,11/22/24,24,LE-TOX3SB9V,MAC Cosmetics Opulence Eyeshadow Palette,91.9,1114,3109,70.18,129.5416667,285717.1,26736
NARS,Latin America,Lima,Art/Design District,Mall Kiosk,10/21/24,10/30/24,9,LE-8TDJYFBS,NARS Velvet Primer,61.98,491,3274,85.06,363.7777778,202922.52,4419
Charlotte Tilbury,Latin America,Buenos Aires,Luxury Mall,Flash Event,1/28/25,3/26/25,57,LE-CK2ZD548,Charlotte Tilbury Noir Primer,45.99,804,1713,71.23,30.05263158,78780.87,45828
Estée Lauder,Europe,Berlin,Airport Duty-Free,Flash Event,11/18/24,12/24/24,36,LE-UKX18TM6,Estée Lauder Mirage Serum,126.53,1236,3474,86.16,96.5,439565.22,44496
Fenty Beauty,Middle East,Dubai,Department Store Atrium,Flash Event,9/9/24,10/22/24,43,LE-KWCN11RG,Fenty Beauty Glow Fragrance,199.9,961,3006,93.27,69.90697674,600899.4,41323
Tom Ford Beauty,Middle East,Jeddah,Department Store Atrium,Shop-in-Shop,3/29/25,4/26/25,28,LE-91JO6ZBA,Tom Ford Beauty Pearl Highlighter,72.54,1127,403,69.01,14.39285714,29233.62,31556
Lancôme,Asia-Pacific,Seoul,Art/Design District,Standalone Pop-Up,2/21/25,4/9/25,47,LE-45C6MR7K,Lancôme Rouge Foundation,99.83,1017,2853,83.35,60.70212766,284814.99,47799
Lancôme,Middle East,Riyadh,Department Store Atrium,Flash Event,3/20/25,5/29/25,70,LE-WYICR7W9,Lancôme Lumière Serum,116.13,876,1756,96.43,25.08571429,203924.28,61320
Armani Beauty,North America,Chicago,Luxury Mall,Mobile Pop-Up Truck,10/11/24,11/18/24,38,LE-JYSN6RGZ,Armani Beauty Opulence Blush,57.89,1731,3091,73.77,81.34210526,178937.99,65778
Armani Beauty,Middle East,Abu Dhabi,Luxury Mall,Standalone Pop-Up,12/25/24,3/6/25,71,LE-4FDS3IAN,Armani Beauty Éclat Highlighter,48.32,1926,1526,85.63,21.49295775,73736.32,136746
La Prairie,Middle East,Jeddah,Luxury Mall,Standalone Pop-Up,3/15/24,4/20/24,36,LE-1DF2F1IP,La Prairie Mirage Highlighter,46.09,1770,745,75.03,20.69444444,34337.05,63720
Charlotte Tilbury,Asia-Pacific,Hong Kong,Art/Design District,Mobile Pop-Up Truck,1/12/25,1/22/25,10,LE-CPUKROF1,Charlotte Tilbury Rouge Blush,59.68,916,2017,94.65,201.7,120374.56,9160
Armani Beauty,Asia-Pacific,Hong Kong,Luxury Mall,Mall Kiosk,3/12/25,4/9/25,28,LE-JKBGYM9U,Armani Beauty Opulence Primer,78.68,1855,739,40.9,26.39285714,58144.52,51940
Guerlain,Middle East,Jeddah,Department Store Atrium,Mall Kiosk,5/15/25,6/24/25,40,LE-NDX92EGY,Guerlain Mirage Mascara,33.28,940,2189,57.17,54.725,72849.92,37600
Shiseido,Latin America,Buenos Aires,Airport Duty-Free,Shop-in-Shop,11/13/24,12/17/24,34,LE-VZLNBBT6,Shiseido Mirage Blush,36.01,1201,1114,80.32,32.76470588,40115.14,40834
Charlotte Tilbury,Latin America,Buenos Aires,Airport Duty-Free,Standalone Pop-Up,6/9/24,8/27/24,79,LE-UY3QXSB0,Charlotte Tilbury Pearl Mascara,45.55,1659,2386,57.22,30.20253165,108682.3,131061
Shiseido,Latin America,Bogotá,Airport Duty-Free,Flash Event,11/23/24,1/28/25,66,LE-6NTBOJCZ,Shiseido Rouge Eyeshadow Palette,79.25,1535,2632,87.35,39.87878788,208586,101310
Hourglass,Asia-Pacific,Tokyo,Department Store Atrium,Mobile Pop-Up Truck,3/27/25,5/16/25,50,LE-HGHULPM5,Hourglass Velvet Fragrance,107.73,765,4267,88.91,85.34,459683.91,38250
Dior,Europe,London,Art/Design District,Flash Event,3/14/24,5/5/24,52,LE-1IACO0UH,Dior Velvet Primer,82.87,1116,314,72.69,6.038461538,26021.18,58032
Pat McGrath Labs,Asia-Pacific,Shanghai,Airport Duty-Free,Mobile Pop-Up Truck,11/25/24,2/12/25,79,LE-Z74M2HJ6,Pat McGrath Labs Lumière Foundation,64.11,1508,1614,71.73,20.43037975,103473.54,119132
Huda Beauty,North America,Miami,High-Street,Shop-in-Shop,8/9/24,9/17/24,39,LE-ZID6GJXS,Huda Beauty Éclat Lipstick,52.76,1442,622,75.85,15.94871795,32816.72,56238
Pat McGrath Labs,Middle East,Abu Dhabi,High-Street,Mobile Pop-Up Truck,6/25/24,7/15/24,20,LE-FQ7A7K6S,Pat McGrath Labs Velvet Setting Powder,65.64,2533,2421,82.71,121.05,158914.44,50660
Estée Lauder,Europe,Milan,Luxury Mall,Standalone Pop-Up,11/5/24,12/1/24,26,LE-FNUAT80V,Estée Lauder Mirage Fragrance,270.27,1839,1689,70.52,64.96153846,456486.03,47814
Armani Beauty,North America,Toronto,Department Store Atrium,Shop-in-Shop,10/30/24,1/17/25,79,LE-EQ9XOB2R,Armani Beauty Éclat Setting Powder,51.03,1185,3988,86.75,50.48101266,203507.64,93615
Hourglass,Middle East,Riyadh,Department Store Atrium,Shop-in-Shop,11/24/24,1/16/25,53,LE-XUACR75T,Hourglass Mirage Setting Powder,67.92,1557,1542,51.42,29.09433962,104732.64,82521
Bobbi Brown,North America,Los Angeles,Art/Design District,Shop-in-Shop,7/24/24,10/18/24,86,LE-Z59NE9DF,Bobbi Brown Velvet Lipstick,45.16,989,3138,66.62,36.48837209,141712.08,85054
MAC Cosmetics,Latin America,Lima,Luxury Mall,Standalone Pop-Up,10/22/24,11/1/24,10,LE-TECN0K1K,MAC Cosmetics Satin Fragrance,277.03,1898,709,87.1,70.9,196414.27,18980
Huda Beauty,Middle East,Riyadh,Department Store Atrium,Flash Event,5/20/25,6/23/25,34,LE-QB786QH8,Huda Beauty Lumière Setting Powder,76.55,1280,1251,79.73,36.79411765,95764.05,43520
Givenchy Beauty,Asia-Pacific,Tokyo,Luxury Mall,Flash Event,4/26/25,7/14/25,79,LE-Y2WDQX9D,Givenchy Beauty Pearl Mascara,71.27,1142,2905,75.63,36.7721519,207039.35,90218
Sisley-Paris,North America,Miami,Art/Design District,Standalone Pop-Up,10/18/24,10/23/24,5,LE-6KAWENMQ,Sisley-Paris Pearl Eyeshadow Palette,57.3,1168,488,74.73,97.6,27962.4,5840
YSL Beauty,North America,Unknown,Luxury Mall,Flash Event,5/27/25,8/3/25,68,LE-43LWEKRO,YSL Beauty Éclat Fragrance,226.42,1855,943,59.38,13.86764706,213514.06,126140
Charlotte Tilbury,North America,Los Angeles,Art/Design District,Shop-in-Shop,5/30/25,7/2/25,33,LE-WNAVNUQC,Charlotte Tilbury Rouge Serum,280.61,1046,2769,64.31,83.90909091,777009.09,34518
Dior,Asia-Pacific,Tokyo,Airport Duty-Free,Mobile Pop-Up Truck,3/29/25,5/14/25,46,LE-WINET3TA,Dior Lumière Highlighter,49.09,2085,3656,76.15,79.47826087,179473.04,95910
Armani Beauty,Europe,Paris,High-Street,Shop-in-Shop,7/2/25,7/9/25,7,LE-P4F1T2EG,Armani Beauty Noir Serum,194.92,2240,4085,85.59,583.5714286,796248.2,15680
Dior,Asia-Pacific,Singapore,Luxury Mall,Standalone Pop-Up,5/3/25,5/28/25,25,LE-VNO3OWD6,Dior Pearl Foundation,103.75,1953,883,86.4,35.32,91611.25,48825
Bobbi Brown,Middle East,Jeddah,High-Street,Shop-in-Shop,6/23/24,7/9/24,16,LE-IP6NWLWU,Bobbi Brown Noir Blush,52.93,2345,4053,94.23,253.3125,214525.29,37520
Shiseido,Asia-Pacific,Tokyo,Art/Design District,Mobile Pop-Up Truck,12/2/24,2/19/25,79,LE-SPIPF6GY,Shiseido Velvet Primer,43.52,1280,957,78.31,12.11392405,41648.64,101120
Clé de Peau Beauté,Europe,Madrid,High-Street,Standalone Pop-Up,5/11/25,7/18/25,68,LE-5HUJ69CH,Clé de Peau Beauté Pearl Serum,123,1841,1334,52.48,19.61764706,164082,125188
Dior,Latin America,Mexico City,Luxury Mall,Flash Event,5/30/24,7/24/24,55,LE-B7A42QM3,Dior Rouge Serum,276.71,1432,3539,72.76,64.34545455,979276.69,78760
Shiseido,North America,Miami,Department Store Atrium,Shop-in-Shop,2/26/24,3/28/24,31,LE-9BD47V6V,Shiseido Pearl Primer,66.52,949,1329,91.72,42.87096774,88405.08,29419
Huda Beauty,Middle East,Jeddah,Airport Duty-Free,Flash Event,12/12/24,2/25/25,75,LE-KRKJ3RAR,Huda Beauty Velvet Mascara,50.77,1508,1638,87.13,21.84,83161.26,113100
Lancôme,Latin America,Lima,Art/Design District,Shop-in-Shop,11/4/24,1/1/25,58,LE-NY9HNWE0,Lancôme Noir Serum,176.81,911,3699,90.29,63.77586207,654020.19,52838
Hourglass,North America,Toronto,Art/Design District,Shop-in-Shop,3/23/25,6/14/25,83,LE-AHVM3JVU,Hourglass Satin Setting Powder,55.34,1019,2493,84.71,30.03614458,137962.62,84577
Charlotte Tilbury,Asia-Pacific,Hong Kong,Department Store Atrium,Mobile Pop-Up Truck,9/11/24,11/26/24,76,LE-OQ34HNQ1,Charlotte Tilbury Lumière Lipstick,56.98,681,2001,82.72,26.32894737,114016.98,51756
Dior,Asia-Pacific,Singapore,High-Street,Standalone Pop-Up,11/27/24,2/2/25,67,LE-VETF2TL7,Dior Noir Mascara,72.03,1812,280,63.64,4.179104478,20168.4,121404
MAC Cosmetics,Europe,Madrid,Art/Design District,Mall Kiosk,6/27/24,7/27/24,30,LE-7AGU5M6F,MAC Cosmetics Noir Fragrance,199.15,868,865,81.53,28.83333333,172264.75,26040
Givenchy Beauty,Middle East,Doha,Luxury Mall,Standalone Pop-Up,5/27/24,8/23/24,88,LE-JN8KFTRH,Givenchy Beauty Rouge Blush,49.67,1402,3676,92.27,41.77272727,182586.92,123376
Hermès Beauty,Asia-Pacific,Seoul,Luxury Mall,Mall Kiosk,8/6/24,9/23/24,48,LE-E1BUSDPR,Hermès Beauty Mirage Blush,67.28,2036,3296,66.01,68.66666667,221754.88,97728
Givenchy Beauty,Asia-Pacific,Singapore,Airport Duty-Free,Mobile Pop-Up Truck,11/25/24,12/10/24,15,LE-ME9OICAK,Givenchy Beauty Satin Highlighter,74.08,1063,4552,91.72,303.4666667,337212.16,15945
Valentino Beauty,Latin America,Mexico City,High-Street,Standalone Pop-Up,1/5/25,3/7/25,61,LE-KTAXAWZN,Valentino Beauty Glow Setting Powder,43.51,1690,997,67.87,16.3442623,43379.47,103090
Valentino Beauty,Europe,Paris,Department Store Atrium,Standalone Pop-Up,2/28/24,3/15/24,16,LE-L2Y32FB6,Valentino Beauty Glow Serum,176.22,953,2576,68.04,161,453942.72,15248
Dior,Latin America,Lima,High-Street,Shop-in-Shop,4/17/25,6/3/25,47,LE-8KSZT8BU,Dior Mirage Lipstick,53.81,1591,1013,79.02,21.55319149,54509.53,74777
Dior,Europe,Berlin,Airport Duty-Free,Shop-in-Shop,5/8/24,5/13/24,5,LE-F6HEX2AE,Dior Opulence Serum,138.03,2230,1369,79.32,273.8,188963.07,11150
Fenty Beauty,North America,Toronto,Airport Duty-Free,Standalone Pop-Up,8/8/24,10/13/24,66,LE-YK61H86A,Fenty Beauty Rouge Foundation,99.86,783,387,63.24,5.863636364,38645.82,51678
Armani Beauty,Europe,Paris,High-Street,Flash Event,2/25/24,3/24/24,28,LE-Y87FW8Z3,Armani Beauty Lumière Fragrance,385.12,2081,805,47.8,28.75,310021.6,58268
Dior,North America,Unknown,Airport Duty-Free,Shop-in-Shop,2/18/24,5/2/24,74,LE-JUWHRUAH,Dior Glow Mascara,37.27,1143,632,57.3,8.540540541,23554.64,84582
Estée Lauder,Europe,Madrid,Luxury Mall,Mobile Pop-Up Truck,6/20/24,8/18/24,59,LE-I88DFKIX,Estée Lauder Éclat Mascara,51.56,939,1201,61.37,20.3559322,61923.56,55401
La Prairie,North America,Toronto,Art/Design District,Standalone Pop-Up,1/26/25,4/25/25,89,LE-SUTHZL3Y,La Prairie Mirage Primer,72.45,563,2746,56.21,30.85393258,198947.7,50107
Armani Beauty,Europe,Paris,High-Street,Shop-in-Shop,6/25/25,7/30/25,35,LE-ECYN1KKY,Armani Beauty Pearl Setting Powder,41.69,2393,2431,65.19,69.45714286,101348.39,83755
Valentino Beauty,Asia-Pacific,Singapore,Luxury Mall,Standalone Pop-Up,3/20/25,6/3/25,75,LE-QJ8K6N1X,Valentino Beauty Pearl Blush,38.72,1663,2201,71.65,29.34666667,85222.72,124725
Hourglass,Asia-Pacific,Tokyo,High-Street,Flash Event,5/17/24,6/27/24,41,LE-GX2A6ANQ,Hourglass Satin Lipstick,45.52,2669,793,56.12,19.34146341,36097.36,109429
NARS,Europe,Paris,Department Store Atrium,Mall Kiosk,12/14/24,2/12/25,60,LE-XIGR7JNR,NARS Mirage Fragrance,257.17,745,2536,80.15,42.26666667,652183.12,44700
Sisley-Paris,Europe,Berlin,Luxury Mall,Flash Event,6/9/24,7/30/24,51,LE-5SLJUH3J,Sisley-Paris Velvet Blush,31.86,878,2896,100,56.78431373,92266.56,44778
Sisley-Paris,North America,Chicago,Art/Design District,Standalone Pop-Up,7/25/24,8/15/24,21,LE-UACDLFWW,Sisley-Paris Noir Eyeshadow Palette,120.12,1345,2794,66.46,133.047619,335615.28,28245
Givenchy Beauty,Middle East,Abu Dhabi,Art/Design District,Mall Kiosk,12/12/24,2/4/25,54,LE-ER2P8ROG,Givenchy Beauty Glow Setting Powder,59.98,863,216,62.61,4,12955.68,46602
Charlotte Tilbury,North America,Toronto,Department Store Atrium,Mall Kiosk,2/18/24,5/17/24,89,LE-B7F4QQH0,Charlotte Tilbury Satin Foundation,70.26,633,1027,72.84,11.53932584,72157.02,56337
La Prairie,Asia-Pacific,Singapore,Airport Duty-Free,Shop-in-Shop,4/15/25,4/24/25,9,LE-OHV1VLZ7,La Prairie Satin Lipstick,43.3,1931,2744,65.93,304.8888889,118815.2,17379
Bobbi Brown,Middle East,Jeddah,High-Street,Standalone Pop-Up,12/5/24,1/6/25,32,LE-NV7481K4,Bobbi Brown Rouge Lipstick,54.67,1134,2462,52.99,76.9375,134597.54,36288
Fenty Beauty,Asia-Pacific,Seoul,Department Store Atrium,Mobile Pop-Up Truck,4/11/25,5/2/25,21,LE-3T2R8U8G,Fenty Beauty Pearl Mascara,49.45,611,4413,92.89,210.1428571,218222.85,12831
Givenchy Beauty,Middle East,Jeddah,Airport Duty-Free,Flash Event,6/8/25,7/26/25,48,LE-CM1SAJOC,Givenchy Beauty Éclat Foundation,61.98,1847,3242,87.08,67.54166667,200939.16,88656
Givenchy Beauty,Latin America,Buenos Aires,Airport Duty-Free,Mall Kiosk,1/5/25,2/4/25,30,LE-UPTLTTJY,Givenchy Beauty Pearl Foundation,111.54,1365,2839,57.43,94.63333333,316662.06,40950
YSL Beauty,Latin America,Bogotá,Luxury Mall,Standalone Pop-Up,4/28/24,6/22/24,55,LE-ZDNBLGDM,YSL Beauty Glow Eyeshadow Palette,50.67,1834,2436,59.72,44.29090909,123432.12,100870
Bobbi Brown,Latin America,Buenos Aires,High-Street,Shop-in-Shop,7/28/24,8/17/24,20,LE-0CW24C6V,Bobbi Brown Opulence Fragrance,125.95,1699,1877,73.04,93.85,236408.15,33980
MAC Cosmetics,North America,Chicago,High-Street,Flash Event,11/13/24,1/12/25,60,LE-X6VPGKYC,MAC Cosmetics Éclat Fragrance,369.82,1530,4261,86.85,71.01666667,1575803.02,91800
Guerlain,North America,Los Angeles,Airport Duty-Free,Mall Kiosk,4/18/24,5/5/24,17,LE-VI3QWBIT,Guerlain Opulence Blush,60.82,1908,2344,71.99,137.8823529,142562.08,32436
Bobbi Brown,Europe,London,Art/Design District,Mobile Pop-Up Truck,7/18/24,9/21/24,65,LE-WEAJJ62K,Bobbi Brown Satin Blush,52.66,1299,3835,93.77,59,201951.1,84435
Fenty Beauty,Europe,Paris,Art/Design District,Flash Event,9/7/24,11/2/24,56,LE-47UEMUPO,Fenty Beauty Satin Primer,81.55,809,3090,95.55,55.17857143,251989.5,45304
Hourglass,Latin America,Mexico City,Luxury Mall,Mall Kiosk,12/5/24,2/7/25,64,LE-PB9SNJ0Q,Hourglass Noir Mascara,46.36,1446,1638,91.1,25.59375,75937.68,92544
Charlotte Tilbury,Europe,London,High-Street,Mall Kiosk,11/4/24,11/19/24,15,LE-KDE3SGVR,Charlotte Tilbury Pearl Setting Powder,83.32,2262,1869,75.42,124.6,155725.08,33930
Givenchy Beauty,Europe,Milan,High-Street,Flash Event,4/24/25,6/1/25,38,LE-NLHWGRX1,Givenchy Beauty Rouge Foundation,94.22,2726,2478,61.64,65.21052632,233477.16,103588
Dior,North America,New York,High-Street,Shop-in-Shop,4/7/25,6/5/25,59,LE-WMKINS9Z,Dior Éclat Blush,44.85,1506,1412,61.82,23.93220339,63328.2,88854
Hermès Beauty,Asia-Pacific,Tokyo,Airport Duty-Free,Standalone Pop-Up,7/7/24,9/24/24,79,LE-A5SIQT4P,Hermès Beauty Éclat Lipstick,63.47,2083,2335,91.64,29.55696203,148202.45,164557
Lancôme,Middle East,Abu Dhabi,High-Street,Mall Kiosk,1/19/25,4/7/25,78,LE-9FZHVXMJ,Lancôme Satin Lipstick,39.13,2437,3015,75.04,38.65384615,117976.95,190086
Rare Beauty,Asia-Pacific,Shanghai,High-Street,Mobile Pop-Up Truck,3/28/25,6/9/25,73,LE-UAGW7CIE,Rare Beauty Noir Fragrance,166.33,3032,1464,89.93,20.05479452,243507.12,221336
Huda Beauty,Asia-Pacific,Tokyo,Department Store Atrium,Shop-in-Shop,5/30/25,6/21/25,22,LE-KJIH63D0,Huda Beauty Rouge Fragrance,372.65,1539,1632,91.28,74.18181818,608164.8,33858
Huda Beauty,Europe,London,Airport Duty-Free,Flash Event,11/10/24,12/23/24,43,LE-KB17I9R9,Huda Beauty Satin Serum,239.03,1994,1886,50.95,43.86046512,450810.58,85742
Pat McGrath Labs,North America,Miami,Luxury Mall,Mobile Pop-Up Truck,5/18/24,8/9/24,83,LE-6H7KK3GP,Pat McGrath Labs Pearl Serum,208.9,1187,853,92.32,10.27710843,178191.7,98521
Shiseido,North America,New York,Department Store Atrium,Mobile Pop-Up Truck,3/10/24,4/27/24,48,LE-QCXSWSHG,Shiseido Pearl Highlighter,84.08,733,2939,78.52,61.22916667,247111.12,35184
Rare Beauty,North America,New York,High-Street,Mall Kiosk,4/25/25,4/29/25,4,LE-UR14886T,Rare Beauty Velvet Foundation,57.21,1395,2981,68.89,745.25,170543.01,5580
Dior,Europe,London,Department Store Atrium,Flash Event,2/19/24,4/9/24,50,LE-ZLGX0Q18,Dior Velvet Serum,293.44,1042,2793,57.78,55.86,819577.92,52100
Dior,Latin America,São Paulo,Department Store Atrium,Mall Kiosk,3/30/24,5/8/24,39,LE-U06MSHDY,Dior Rouge Eyeshadow Palette,113.04,793,1510,67.74,38.71794872,170690.4,30927
Armani Beauty,North America,New York,Department Store Atrium,Shop-in-Shop,7/24/24,10/10/24,78,LE-W5HENWNB,Armani Beauty Éclat Lipstick,53.9,665,1756,81.26,22.51282051,94648.4,51870
La Prairie,Europe,Berlin,High-Street,Standalone Pop-Up,5/29/24,7/16/24,48,LE-DV7R1QVW,La Prairie Éclat Highlighter,57.79,2241,1236,70.47,25.75,71428.44,107568
Lancôme,North America,Toronto,Luxury Mall,Flash Event,7/15/24,9/2/24,49,LE-3IOAXZIL,Lancôme Rouge Blush,34.68,1206,989,66.91,20.18367347,34298.52,59094
Bobbi Brown,Middle East,Doha,Department Store Atrium,Mall Kiosk,12/16/24,3/14/25,88,LE-VV3XMLBW,Bobbi Brown Satin Blush,41.81,963,2818,61.1,32.02272727,117820.58,84744
Bobbi Brown,North America,Toronto,High-Street,Mobile Pop-Up Truck,8/22/24,11/16/24,86,LE-NAFK60JH,Bobbi Brown Noir Blush,66.88,1345,2797,67.89,32.52325581,187063.36,115670
Chanel,Middle East,Doha,Department Store Atrium,Standalone Pop-Up,3/2/24,5/5/24,64,LE-BXC9DIUJ,Chanel Mirage Setting Powder,55.85,967,2978,88.05,46.53125,166321.3,61888
YSL Beauty,Europe,London,Luxury Mall,Mall Kiosk,8/14/24,9/9/24,26,LE-RKR4963O,YSL Beauty Opulence Highlighter,61.99,1477,2344,49.79,90.15384615,145304.56,38402
Huda Beauty,North America,Los Angeles,Art/Design District,Shop-in-Shop,2/15/25,3/7/25,20,LE-75757HOH,Huda Beauty Rouge Mascara,71.87,1159,468,65,23.4,33635.16,23180
Hourglass,Latin America,Lima,Art/Design District,Standalone Pop-Up,10/27/24,12/31/24,65,LE-H6QLOE21,Hourglass Satin Highlighter,75.06,1291,2794,80.89,42.98461538,209717.64,83915
Clé de Peau Beauté,Middle East,Riyadh,Airport Duty-Free,Mobile Pop-Up Truck,1/26/25,4/25/25,89,LE-QWSWIKYI,Clé de Peau Beauté Satin Fragrance,132.43,1002,1822,56.1,20.47191011,241287.46,89178
Estée Lauder,Latin America,São Paulo,Luxury Mall,Standalone Pop-Up,3/27/24,6/4/24,69,LE-3T3SJ6TK,Estée Lauder Mirage Fragrance,142.41,1738,1669,93.71,24.1884058,237682.29,119922
YSL Beauty,North America,Miami,Department Store Atrium,Standalone Pop-Up,12/15/24,2/15/25,62,LE-XEXIY9EC,YSL Beauty Éclat Lipstick,71.12,919,3171,89.37,51.14516129,225521.52,56978
Valentino Beauty,North America,Los Angeles,Department Store Atrium,Mall Kiosk,5/19/24,8/5/24,78,LE-96SZMC7L,Valentino Beauty Pearl Highlighter,52.49,1002,1165,92.17,14.93589744,61150.85,78156
Tom Ford Beauty,Latin America,Lima,Department Store Atrium,Standalone Pop-Up,5/31/24,6/29/24,29,LE-2UIHO7M5,Tom Ford Beauty Rouge Highlighter,74.42,1131,3053,63.04,105.2758621,227204.26,32799
YSL Beauty,Latin America,Mexico City,Department Store Atrium,Shop-in-Shop,2/2/25,4/20/25,77,LE-V19RASHO,YSL Beauty Velvet Foundation,75.41,1430,3184,65.68,41.35064935,240105.44,110110
La Prairie,Europe,Paris,Airport Duty-Free,Shop-in-Shop,6/9/24,9/7/24,90,LE-QWH3T9C1,La Prairie Mirage Primer,44.07,1662,460,84.1,5.111111111,20272.2,149580
Fenty Beauty,Middle East,Riyadh,Airport Duty-Free,Mall Kiosk,11/3/24,11/13/24,10,LE-6P4AQCPB,Fenty Beauty Satin Serum,124.78,2457,2150,87.36,215,268277,24570
Tom Ford Beauty,Latin America,São Paulo,Art/Design District,Shop-in-Shop,6/29/24,8/7/24,39,LE-DBG9I3O8,Tom Ford Beauty Noir Foundation,50.84,1243,1542,89.86,39.53846154,78395.28,48477
Dior,Europe,Milan,Luxury Mall,Mobile Pop-Up Truck,2/11/25,4/25/25,73,LE-YWZ4Y8MN,Dior Lumière Serum,243.18,1858,282,79.21,3.863013699,68576.76,135634
YSL Beauty,Latin America,Buenos Aires,Department Store Atrium,Mall Kiosk,11/20/24,2/11/25,83,LE-DTL34I39,YSL Beauty Noir Serum,186.44,1509,2492,81.92,30.02409639,464608.48,125247
Bobbi Brown,North America,Toronto,Department Store Atrium,Shop-in-Shop,3/21/25,3/25/25,4,LE-UTO0L3ZV,Bobbi Brown Satin Blush,65.22,631,1517,54.61,379.25,98938.74,2524
Hermès Beauty,Middle East,Riyadh,Luxury Mall,Flash Event,5/22/24,7/2/24,41,LE-0O3QNDMD,Hermès Beauty Glow Serum,135.53,1014,3311,81.37,80.75609756,448739.83,41574
YSL Beauty,North America,New York,Art/Design District,Flash Event,7/13/24,7/24/24,11,LE-J7OMKVBR,YSL Beauty Mirage Serum,297.3,885,4019,98.6,365.3636364,1194848.7,9735
MAC Cosmetics,Europe,Unknown,High-Street,Mall Kiosk,4/12/24,5/15/24,33,LE-25460JX6,MAC Cosmetics Opulence Highlighter,84.19,1076,4078,83.75,123.5757576,343326.82,35508
MAC Cosmetics,North America,Chicago,Luxury Mall,Shop-in-Shop,5/27/25,8/2/25,67,LE-7Y0U5ZKH,MAC Cosmetics Rouge Lipstick,70.87,1414,4145,84.44,61.86567164,293756.15,94738
Sisley-Paris,Latin America,Buenos Aires,Department Store Atrium,Shop-in-Shop,10/23/24,12/7/24,45,LE-XZKV8784,Sisley-Paris Velvet Mascara,32.9,1269,3257,98.19,72.37777778,107155.3,57105
Lancôme,Latin America,Bogotá,Art/Design District,Mobile Pop-Up Truck,1/10/25,2/26/25,47,LE-5BRJ0PCK,Lancôme Pearl Setting Powder,65.13,980,2711,80.4,57.68085106,176567.43,46060
Dior,Middle East,Jeddah,Department Store Atrium,Flash Event,6/28/24,9/8/24,72,LE-154QVWND,Dior Velvet Serum,163.97,1650,1559,62.99,21.65277778,255629.23,118800
Hermès Beauty,North America,Miami,Department Store Atrium,Mall Kiosk,9/1/24,9/6/24,5,LE-VPNA99WT,Hermès Beauty Mirage Lipstick,32.83,1879,3471,74.95,694.2,113952.93,9395
Chanel,Asia-Pacific,Singapore,Art/Design District,Shop-in-Shop,1/27/25,3/15/25,47,LE-ZJVAF770,Chanel Rouge Eyeshadow Palette,121.93,1149,2093,67.23,44.53191489,255199.49,54003
Charlotte Tilbury,Europe,Milan,Art/Design District,Mall Kiosk,5/12/25,7/4/25,53,LE-TUM7PE6M,Charlotte Tilbury Satin Fragrance,202.19,1299,1398,78.5,26.37735849,282661.62,68847
Sisley-Paris,Latin America,Buenos Aires,Department Store Atrium,Standalone Pop-Up,7/10/24,8/25/24,46,LE-K2I8KFHL,Sisley-Paris Rouge Setting Powder,82.53,572,670,58.21,14.56521739,55295.1,26312
Chanel,North America,New York,Airport Duty-Free,Mobile Pop-Up Truck,4/20/24,5/6/24,16,LE-H0DU7H5H,Chanel Satin Lipstick,52.33,1732,435,83.98,27.1875,22763.55,27712
Bobbi Brown,Middle East,Doha,High-Street,Shop-in-Shop,3/26/24,5/26/24,61,LE-2EAYYQB2,Bobbi Brown Velvet Serum,163.73,1843,402,60.63,6.590163934,65819.46,112423
Huda Beauty,Europe,Milan,Luxury Mall,Shop-in-Shop,11/23/24,2/19/25,88,LE-JD7GOJ7S,Huda Beauty Mirage Foundation,65.79,1002,2015,76.79,22.89772727,132566.85,88176
Chanel,Middle East,Abu Dhabi,Art/Design District,Flash Event,7/17/24,9/9/24,54,LE-RAS3MGJV,Chanel Satin Setting Powder,44.3,450,2416,70.87,44.74074074,107028.8,24300
NARS,North America,Chicago,Art/Design District,Shop-in-Shop,5/28/24,7/13/24,46,LE-WB6O05YQ,NARS Mirage Primer,42.68,611,1254,62.92,27.26086957,53520.72,28106
YSL Beauty,North America,Toronto,Art/Design District,Standalone Pop-Up,5/24/25,8/11/25,79,LE-CQLXUDLD,YSL Beauty Glow Fragrance,229.89,829,4280,99.56,54.17721519,983929.2,65491
Dior,North America,Toronto,Luxury Mall,Mobile Pop-Up Truck,12/20/24,3/7/25,77,LE-34PDJ99J,Dior Mirage Highlighter,43.81,1756,1463,62.95,19,64094.03,135212
Valentino Beauty,Europe,Berlin,High-Street,Shop-in-Shop,10/10/24,11/13/24,34,LE-58BA9LM6,Valentino Beauty Velvet Eyeshadow Palette,123.97,1966,1893,59.03,55.67647059,234675.21,66844
Valentino Beauty,North America,Chicago,High-Street,Flash Event,6/15/24,8/12/24,58,LE-J0NW1SBR,Valentino Beauty Éclat Lipstick,59.21,1252,2621,67.38,45.18965517,155189.41,72616
Hourglass,Asia-Pacific,Hong Kong,Airport Duty-Free,Standalone Pop-Up,4/19/25,6/8/25,50,LE-CO8F9AAD,Hourglass Velvet Fragrance,355.38,1810,343,89.32,6.86,121895.34,90500
Estée Lauder,Middle East,Dubai,High-Street,Standalone Pop-Up,10/6/24,12/9/24,64,LE-V1TVGQXL,Estée Lauder Opulence Lipstick,75.46,2062,583,53.19,9.109375,43993.18,131968
MAC Cosmetics,Latin America,Mexico City,Department Store Atrium,Mall Kiosk,3/23/24,5/31/24,69,LE-RSYB38KI,MAC Cosmetics Mirage Primer,64.22,1626,674,57.8,9.768115942,43284.28,112194
Huda Beauty,North America,Chicago,High-Street,Mobile Pop-Up Truck,8/6/24,9/29/24,54,LE-HFMLJJU6,Huda Beauty Rouge Foundation,109.5,2848,3167,90.9,58.64814815,346786.5,153792
Guerlain,Latin America,Buenos Aires,Art/Design District,Shop-in-Shop,6/14/25,6/17/25,3,LE-V2RTZLS6,Guerlain Velvet Highlighter,69.96,603,259,56.55,86.33333333,18119.64,1809
Bobbi Brown,North America,Los Angeles,Airport Duty-Free,Flash Event,7/21/24,9/4/24,45,LE-12LEIO3V,Bobbi Brown Satin Eyeshadow Palette,142.91,1045,373,50.47,8.288888889,53305.43,47025
Armani Beauty,Europe,London,Luxury Mall,Mobile Pop-Up Truck,10/21/24,1/8/25,79,LE-7346PERZ,Armani Beauty Velvet Serum,156.87,1723,147,71.36,1.860759494,23059.89,136117
Hourglass,Europe,Madrid,Department Store Atrium,Mobile Pop-Up Truck,12/21/24,2/15/25,56,LE-I9E9GKW4,Hourglass Glow Foundation,74.88,1183,4415,90.86,78.83928571,330595.2,66248
Guerlain,North America,Chicago,Department Store Atrium,Mobile Pop-Up Truck,3/29/24,6/27/24,90,LE-AA5NQTWA,Guerlain Pearl Fragrance,106.74,565,159,74.65,1.766666667,16971.66,50850
Armani Beauty,Europe,Milan,High-Street,Mall Kiosk,10/6/24,12/21/24,76,LE-RERF56RB,Armani Beauty Opulence Serum,290.28,2045,1273,70.18,16.75,369526.44,155420
YSL Beauty,Europe,Paris,Department Store Atrium,Shop-in-Shop,5/8/24,6/15/24,38,LE-68VCX4YR,YSL Beauty Rouge Eyeshadow Palette,120.53,594,2628,76.22,69.15789474,316752.84,22572
YSL Beauty,Europe,Milan,Luxury Mall,Standalone Pop-Up,6/30/24,9/8/24,70,LE-F36DX7ZX,YSL Beauty Rouge Blush,45.85,723,1317,55.01,18.81428571,60384.45,50610
Tom Ford Beauty,North America,Chicago,Art/Design District,Shop-in-Shop,1/1/25,3/24/25,82,LE-AXREO98H,Tom Ford Beauty Rouge Blush,67.66,838,1155,99.83,14.08536585,78147.3,68716
Estée Lauder,Asia-Pacific,Hong Kong,Airport Duty-Free,Mall Kiosk,9/2/24,9/28/24,26,LE-WPNJ00JF,Estée Lauder Mirage Foundation,83.63,2141,204,77.27,7.846153846,17060.52,55666
Huda Beauty,Middle East,Dubai,Art/Design District,Mall Kiosk,8/27/24,11/10/24,75,LE-YQ9JY2ZY,Huda Beauty Pearl Eyeshadow Palette,75.08,736,1868,75.08,24.90666667,140249.44,55200
MAC Cosmetics,Latin America,Mexico City,High-Street,Mall Kiosk,4/10/25,7/4/25,85,LE-U5VFQ3J8,MAC Cosmetics Velvet Blush,30.84,931,2574,74.39,30.28235294,79382.16,79135
Hermès Beauty,Europe,Berlin,Airport Duty-Free,Mall Kiosk,2/19/25,4/5/25,45,LE-LDSMD1JG,Hermès Beauty Velvet Eyeshadow Palette,98.25,1526,2661,84.18,59.13333333,261443.25,68670
Sisley-Paris,Europe,Paris,Airport Duty-Free,Flash Event,7/28/25,8/3/25,6,LE-DZ9OZ4Y3,Sisley-Paris Mirage Mascara,36.39,1677,2339,69.2,389.8333333,85116.21,10062
Rare Beauty,Middle East,Doha,Art/Design District,Standalone Pop-Up,5/31/25,7/21/25,51,LE-XHNKXN7E,Rare Beauty Satin Mascara,66.45,1157,2390,57.38,46.8627451,158815.5,59007
Tom Ford Beauty,North America,Toronto,Department Store Atrium,Shop-in-Shop,10/11/24,10/22/24,11,LE-SFQR81T6,Tom Ford Beauty Noir Eyeshadow Palette,84.43,1578,1612,83.96,146.5454545,136101.16,17358
Tom Ford Beauty,Latin America,São Paulo,High-Street,Standalone Pop-Up,8/10/24,10/30/24,81,LE-5QE8JFWC,Tom Ford Beauty Rouge Serum,278.41,1789,398,95.67,4.913580247,110807.18,144909
Armani Beauty,Asia-Pacific,Tokyo,Art/Design District,Mall Kiosk,3/27/24,4/6/24,10,LE-WN1027SX,Armani Beauty Noir Serum,176.83,1168,2086,58.2,208.6,368867.38,11680
Rare Beauty,Asia-Pacific,Tokyo,High-Street,Flash Event,3/8/24,5/17/24,70,LE-E7J6L7I9,Rare Beauty Mirage Setting Powder,68.49,1730,603,69.39,8.614285714,41299.47,121100
Armani Beauty,Europe,Paris,Airport Duty-Free,Flash Event,9/11/24,10/7/24,26,LE-MZWWGKCD,Armani Beauty Glow Serum,158.43,1263,3763,99.34,144.7307692,596172.09,32838
MAC Cosmetics,Latin America,Buenos Aires,Art/Design District,Mobile Pop-Up Truck,10/1/24,11/8/24,38,LE-7SM7LRYV,MAC Cosmetics Pearl Fragrance,102.57,1160,2371,62.44,62.39473684,243193.47,44080
Hermès Beauty,Asia-Pacific,Singapore,Luxury Mall,Mobile Pop-Up Truck,11/8/24,12/3/24,25,LE-MY24O6BR,Hermès Beauty Velvet Foundation,101.82,1883,4662,100,186.48,474684.84,47075
Dior,North America,Chicago,Luxury Mall,Flash Event,2/27/24,5/3/24,66,LE-JN7QA3EM,Dior Éclat Serum,91.69,965,1705,89.03,25.83333333,156331.45,63690
Huda Beauty,Asia-Pacific,Hong Kong,Art/Design District,Shop-in-Shop,4/5/25,6/12/25,68,LE-5ILGCQBO,Huda Beauty Rouge Serum,94.26,1179,2016,50.05,29.64705882,190028.16,80172
Shiseido,Asia-Pacific,Shanghai,Art/Design District,Mall Kiosk,7/16/25,8/8/25,23,LE-85Y5BSIM,Shiseido Lumière Foundation,114.89,1277,753,75.53,32.73913043,86512.17,29371
Givenchy Beauty,Middle East,Doha,Art/Design District,Standalone Pop-Up,1/29/25,3/16/25,46,LE-PDQXZN5J,Givenchy Beauty Noir Primer,48.95,1284,1140,76.77,24.7826087,55803,59064
Tom Ford Beauty,Asia-Pacific,Hong Kong,Luxury Mall,Mall Kiosk,9/4/24,10/28/24,54,LE-9MF1MCT8,Tom Ford Beauty Pearl Lipstick,37.78,1709,1811,45.47,33.53703704,68419.58,92286
La Prairie,Asia-Pacific,Hong Kong,High-Street,Standalone Pop-Up,10/16/24,12/13/24,58,LE-LVGJM4EU,La Prairie Opulence Serum,216.99,1805,425,53.26,7.327586207,92220.75,104690
Dior,North America,Toronto,Airport Duty-Free,Flash Event,2/3/25,4/17/25,73,LE-XMLZHFXI,Dior Glow Highlighter,66.38,1882,4481,93.45,61.38356164,297448.78,137386
Valentino Beauty,Middle East,Abu Dhabi,Airport Duty-Free,Shop-in-Shop,12/19/24,3/15/25,86,LE-QF3E7AS2,Valentino Beauty Velvet Eyeshadow Palette,86.43,1751,1252,48.96,14.55813953,108210.36,150586
YSL Beauty,Latin America,Bogotá,High-Street,Flash Event,6/8/24,8/18/24,71,LE-7FOLF0NJ,YSL Beauty Velvet Highlighter,38.02,1518,324,54.18,4.563380282,12318.48,107778
Rare Beauty,Asia-Pacific,Seoul,Department Store Atrium,Shop-in-Shop,9/15/24,10/19/24,34,LE-J2OLR6R6,Rare Beauty Noir Lipstick,73.15,1587,3288,68.07,96.70588235,240517.2,53958
Huda Beauty,Middle East,Riyadh,Airport Duty-Free,Flash Event,3/22/24,4/18/24,27,LE-W4NEWXZL,Huda Beauty Mirage Blush,37.99,1568,1754,57.66,64.96296296,66634.46,42336
Chanel,Latin America,Mexico City,High-Street,Shop-in-Shop,6/10/25,7/15/25,35,LE-0QLVKCU6,Chanel Velvet Foundation,66.4,2185,519,81.35,14.82857143,34461.6,76475
Hermès Beauty,Asia-Pacific,Hong Kong,Airport Duty-Free,Mobile Pop-Up Truck,6/10/25,6/21/25,11,LE-E415YA7F,Hermès Beauty Pearl Highlighter,53.82,1845,1670,88.17,151.8181818,89879.4,20295
Fenty Beauty,Latin America,Lima,Luxury Mall,Flash Event,9/9/24,11/11/24,63,LE-IFX78UW3,Fenty Beauty Rouge Serum,133.19,1079,570,89.34,9.047619048,75918.3,67977
Charlotte Tilbury,North America,Chicago,Art/Design District,Shop-in-Shop,3/7/24,5/5/24,59,LE-GWXW60LA,Charlotte Tilbury Lumière Serum,249.54,1019,2086,77.86,35.3559322,520540.44,60121
NARS,Europe,Berlin,High-Street,Mall Kiosk,5/8/24,5/16/24,8,LE-I77PI7GV,NARS Pearl Serum,122.33,2053,1432,77.11,179,175176.56,16424
Armani Beauty,Middle East,Riyadh,Luxury Mall,Standalone Pop-Up,11/18/24,2/9/25,83,LE-NLFXKNGD,Armani Beauty Pearl Setting Powder,40.98,1381,1572,88.56,18.93975904,64420.56,114623
Valentino Beauty,Latin America,Mexico City,Luxury Mall,Shop-in-Shop,6/14/24,8/25/24,72,LE-CQNNO9NL,Valentino Beauty Éclat Primer,74.85,907,1493,74.13,20.73611111,111751.05,65304
Clé de Peau Beauté,North America,Toronto,High-Street,Mobile Pop-Up Truck,11/3/24,11/18/24,15,LE-ESVOJ6FB,Clé de Peau Beauté Mirage Eyeshadow Palette,101.64,2122,3191,75.46,212.7333333,324333.24,31830
Sisley-Paris,Europe,Milan,High-Street,Shop-in-Shop,1/22/25,2/17/25,26,LE-KT3C2GHM,Sisley-Paris Glow Mascara,72.78,1786,4295,92.97,165.1923077,312590.1,46436
Rare Beauty,Europe,Berlin,Luxury Mall,Shop-in-Shop,7/17/24,10/6/24,81,LE-2GALTYNY,Rare Beauty Noir Primer,42.67,1841,2131,48.28,26.30864198,90929.77,149121
Sisley-Paris,North America,Miami,High-Street,Mall Kiosk,3/9/25,3/27/25,18,LE-BU4VMN7W,Sisley-Paris Velvet Mascara,43.25,2359,2652,79.86,147.3333333,114699,42462
Fenty Beauty,Asia-Pacific,Seoul,Luxury Mall,Standalone Pop-Up,12/30/24,1/29/25,30,LE-CJCYQ6PN,Fenty Beauty Noir Eyeshadow Palette,76.49,2059,342,55.43,11.4,26159.58,61770
Givenchy Beauty,North America,Los Angeles,Department Store Atrium,Standalone Pop-Up,9/7/24,11/4/24,58,LE-XIT1HOBY,Givenchy Beauty Velvet Blush,51.51,1196,1095,57.42,18.87931034,56403.45,69368
Givenchy Beauty,North America,Los Angeles,High-Street,Shop-in-Shop,12/22/24,1/25/25,34,LE-BIGZG6CL,Givenchy Beauty Noir Lipstick,58,1667,2770,75.11,81.47058824,160660,56678
NARS,Asia-Pacific,Tokyo,High-Street,Flash Event,1/18/25,4/18/25,90,LE-FVAR6Y0Y,NARS Opulence Serum,127.61,1499,4174,96.02,46.37777778,532644.14,134910
Clé de Peau Beauté,Middle East,Unknown,Airport Duty-Free,Mall Kiosk,8/30/24,11/3/24,65,LE-BNUUNTNT,Clé de Peau Beauté Lumière Foundation,64.47,873,3264,65.45,50.21538462,210430.08,56745
Clé de Peau Beauté,Latin America,Buenos Aires,Department Store Atrium,Mall Kiosk,4/6/24,4/12/24,6,LE-EL6NUZCD,Clé de Peau Beauté Satin Mascara,50.84,993,231,81.05,38.5,11744.04,5958
Charlotte Tilbury,Latin America,São Paulo,Art/Design District,Mobile Pop-Up Truck,3/23/25,6/3/25,72,LE-JIVSZPU8,Charlotte Tilbury Éclat Blush,36.96,1068,554,67.81,7.694444444,20475.84,76896
Chanel,North America,New York,Department Store Atrium,Flash Event,3/8/25,4/5/25,28,LE-M8ZP6UI0,Chanel Pearl Fragrance,271.96,962,2179,65.34,77.82142857,592600.84,26936
Estée Lauder,Latin America,Bogotá,Airport Duty-Free,Shop-in-Shop,11/13/24,2/9/25,88,LE-A3CT6YIE,Estée Lauder Velvet Primer,59.63,1468,1324,53.6,15.04545455,78950.12,129184
Huda Beauty,Europe,Madrid,Luxury Mall,Flash Event,1/27/25,2/19/25,23,LE-210J4YDR,Huda Beauty Velvet Fragrance,109.6,802,1814,91.25,78.86956522,198814.4,18446
NARS,Latin America,Buenos Aires,Department Store Atrium,Shop-in-Shop,7/7/24,9/17/24,72,LE-82O50DFK,NARS Satin Highlighter,59.74,1538,1797,42.2,24.95833333,107352.78,110736
Estée Lauder,Europe,Milan,High-Street,Standalone Pop-Up,6/27/25,7/16/25,19,LE-YZODW6NM,Estée Lauder Rouge Serum,271.54,1850,3876,96.8,204,1052489.04,35150
Pat McGrath Labs,Latin America,Buenos Aires,High-Street,Mobile Pop-Up Truck,7/5/25,7/16/25,11,LE-0BOF5OJ1,Pat McGrath Labs Noir Serum,106.37,1316,818,51.41,74.36363636,87010.66,14476
YSL Beauty,Latin America,Buenos Aires,Department Store Atrium,Flash Event,7/27/24,10/25/24,90,LE-XXVFNT7I,YSL Beauty Opulence Primer,60.1,597,1480,64.15,16.44444444,88948,53730
NARS,North America,Miami,Airport Duty-Free,Flash Event,6/19/25,6/27/25,8,LE-1HJHRH00,NARS Mirage Blush,51.98,1108,104,50.24,13,5405.92,8864
Rare Beauty,Middle East,Riyadh,Luxury Mall,Mobile Pop-Up Truck,2/22/24,3/30/24,37,LE-JBULXDPV,Rare Beauty Pearl Blush,49.42,1604,196,78.4,5.297297297,9686.32,59348
Tom Ford Beauty,Latin America,Lima,Art/Design District,Flash Event,6/27/24,7/16/24,19,LE-LFEQG2RH,Tom Ford Beauty Satin Serum,183.16,1235,1332,52.86,70.10526316,243969.12,23465
Givenchy Beauty,Latin America,Buenos Aires,Airport Duty-Free,Mobile Pop-Up Truck,7/13/24,9/6/24,55,LE-JFMNLOXE,Givenchy Beauty Glow Fragrance,275.3,992,2526,57.5,45.92727273,695407.8,54560
Clé de Peau Beauté,Middle East,Riyadh,Art/Design District,Mall Kiosk,3/30/24,6/27/24,89,LE-1PQJHJ8Q,Clé de Peau Beauté Opulence Lipstick,48.77,1333,214,68.37,2.404494382,10436.78,118637
Bobbi Brown,Middle East,Abu Dhabi,High-Street,Mobile Pop-Up Truck,7/15/25,7/24/25,9,LE-GG8GPKS3,Bobbi Brown Glow Fragrance,279.5,1467,206,94.93,22.88888889,57577,13203
Dior,Latin America,São Paulo,Art/Design District,Shop-in-Shop,11/1/24,12/3/24,32,LE-J3UT2H9D,Dior Pearl Highlighter,49.15,1304,2920,59.23,91.25,143518,41728
Valentino Beauty,Europe,Madrid,Department Store Atrium,Mall Kiosk,3/6/25,5/2/25,57,LE-LF2KIIKI,Valentino Beauty Pearl Highlighter,36.59,1043,287,58.1,5.035087719,10501.33,59451
Valentino Beauty,Middle East,Doha,Luxury Mall,Shop-in-Shop,11/27/24,2/24/25,89,LE-PMMZ8Q52,Valentino Beauty Lumière Setting Powder,81.53,1256,2456,88.41,27.59550562,200237.68,111784
Guerlain,North America,Los Angeles,High-Street,Shop-in-Shop,1/26/25,2/10/25,15,LE-D81MGZYM,Guerlain Lumière Mascara,43.04,2186,1614,81.52,107.6,69466.56,32790
Rare Beauty,Middle East,Abu Dhabi,Luxury Mall,Shop-in-Shop,8/22/24,10/20/24,59,LE-U2GP27HT,Rare Beauty Satin Mascara,63.14,1715,2549,74.36,43.20338983,160943.86,101185
Guerlain,Asia-Pacific,Singapore,Luxury Mall,Flash Event,3/30/25,5/15/25,46,LE-AI6EZJF3,Guerlain Opulence Setting Powder,56.89,1489,436,71.59,9.47826087,24804.04,68494
Givenchy Beauty,Latin America,Lima,Luxury Mall,Mall Kiosk,6/2/24,7/14/24,42,LE-C74PUGM4,Givenchy Beauty Éclat Mascara,55.92,1765,2137,60.4,50.88095238,119501.04,74130
Pat McGrath Labs,Asia-Pacific,Seoul,High-Street,Mobile Pop-Up Truck,3/1/25,3/5/25,4,LE-P6RST4O4,Pat McGrath Labs Rouge Lipstick,73.47,2150,2330,67.32,582.5,171185.1,8600
Hermès Beauty,Middle East,Abu Dhabi,Luxury Mall,Mobile Pop-Up Truck,8/17/24,10/8/24,52,LE-7NLIWPC3,Hermès Beauty Pearl Foundation,95.2,1518,3710,87.42,71.34615385,353192,78936
Huda Beauty,Latin America,Unknown,Luxury Mall,Shop-in-Shop,8/5/24,9/7/24,33,LE-HQ55WY2M,Huda Beauty Mirage Setting Powder,61.73,1764,2263,92.86,68.57575758,139694.99,58212
Bobbi Brown,Latin America,Buenos Aires,Luxury Mall,Mobile Pop-Up Truck,9/4/24,9/15/24,11,LE-DKVNNMQ3,Bobbi Brown Rouge Lipstick,56.98,1338,3748,91.86,340.7272727,213561.04,14718
Lancôme,Asia-Pacific,Tokyo,Airport Duty-Free,Flash Event,5/31/24,7/20/24,50,LE-OPOU73L6,Lancôme Noir Blush,65.75,822,1885,73.66,37.7,123938.75,41100
Charlotte Tilbury,North America,New York,Art/Design District,Mobile Pop-Up Truck,7/23/24,9/3/24,42,LE-5JKD5815,Charlotte Tilbury Mirage Foundation,95.99,1131,723,52.43,17.21428571,69400.77,47502
Armani Beauty,Europe,Berlin,Luxury Mall,Flash Event,10/12/24,12/2/24,51,LE-NUD18TQ5,Armani Beauty Lumière Mascara,33.36,1148,3064,70.65,60.07843137,102215.04,58548
Charlotte Tilbury,North America,New York,Airport Duty-Free,Standalone Pop-Up,5/5/24,6/19/24,45,LE-8VT03LO2,Charlotte Tilbury Rouge Blush,68.05,2107,3427,72.5,76.15555556,233207.35,94815
Clé de Peau Beauté,Asia-Pacific,Shanghai,High-Street,Mobile Pop-Up Truck,3/14/24,4/4/24,21,LE-FN94M8UH,Clé de Peau Beauté Éclat Fragrance,214.7,2209,2500,62.52,119.047619,536750,46389
Rare Beauty,Middle East,Dubai,Art/Design District,Flash Event,1/4/25,1/21/25,17,LE-TB1FQMXH,Rare Beauty Satin Mascara,74.11,455,3843,81.37,226.0588235,284804.73,7735
Valentino Beauty,Europe,Paris,Luxury Mall,Shop-in-Shop,7/27/24,9/1/24,36,LE-A8TJ9JTX,Valentino Beauty Lumière Highlighter,70.02,677,2111,50.81,58.63888889,147812.22,24372
La Prairie,Latin America,Mexico City,Luxury Mall,Standalone Pop-Up,2/23/24,5/5/24,72,LE-DFPVY1NE,La Prairie Rouge Mascara,33.52,958,565,63.27,7.847222222,18938.8,68976
Clé de Peau Beauté,North America,Toronto,High-Street,Flash Event,8/25/24,9/1/24,7,LE-K14G3V37,Clé de Peau Beauté Opulence Highlighter,70.53,1826,2235,88.17,319.2857143,157634.55,12782
Hermès Beauty,Latin America,Bogotá,Luxury Mall,Shop-in-Shop,2/17/25,5/6/25,78,LE-UUFULRKD,Hermès Beauty Pearl Setting Powder,65.09,1185,1627,84.96,20.85897436,105901.43,92430
Guerlain,Latin America,Buenos Aires,Luxury Mall,Flash Event,4/17/25,6/26/25,70,LE-ES4GOSNA,Guerlain Velvet Foundation,95.74,1027,1311,79.26,18.72857143,125515.14,71890
Rare Beauty,Latin America,Bogotá,High-Street,Flash Event,8/3/24,10/31/24,89,LE-6VJ4JL7N,Rare Beauty Glow Blush,69.18,1157,871,64.47,9.786516854,60255.78,102973
Hermès Beauty,North America,Miami,Airport Duty-Free,Shop-in-Shop,1/16/25,4/7/25,81,LE-9MDUNXQH,Hermès Beauty Mirage Foundation,70.73,1019,257,67.63,3.172839506,18177.61,82539
Estée Lauder,Europe,London,High-Street,Shop-in-Shop,10/10/24,10/16/24,6,LE-3CZXAPOR,Estée Lauder Glow Fragrance,301.29,2584,1541,81.41,256.8333333,464287.89,15504
Pat McGrath Labs,Europe,Milan,Art/Design District,Flash Event,6/7/25,7/20/25,43,LE-HD6TYC7K,Pat McGrath Labs Lumière Mascara,56.88,1464,2854,88.97,66.37209302,162335.52,62952
Guerlain,Europe,London,Department Store Atrium,Standalone Pop-Up,2/27/25,4/1/25,33,LE-UGH9Q5Y0,Guerlain Pearl Highlighter,87.21,742,3097,65.67,93.84848485,270089.37,24486
MAC Cosmetics,Europe,Madrid,Department Store Atrium,Standalone Pop-Up,8/23/24,10/1/24,39,LE-GAHP5Z7N,MAC Cosmetics Satin Blush,39.54,1454,620,68.97,15.8974359,24514.8,56706
Sisley-Paris,Latin America,Lima,Department Store Atrium,Shop-in-Shop,2/26/25,4/1/25,34,LE-0LAXTIV8,Sisley-Paris Lumière Fragrance,221.73,804,985,67.88,28.97058824,218404.05,27336
Charlotte Tilbury,Asia-Pacific,Hong Kong,High-Street,Mobile Pop-Up Truck,1/28/25,3/21/25,52,LE-TQAKAOXH,Charlotte Tilbury Opulence Mascara,56.23,1840,3581,82.44,68.86538462,201359.63,95680
Lancôme,Europe,Berlin,Art/Design District,Mall Kiosk,3/27/24,5/12/24,46,LE-246TGANM,Lancôme Éclat Highlighter,62.08,964,719,81.15,15.63043478,44635.52,44344
Valentino Beauty,Middle East,Abu Dhabi,Luxury Mall,Shop-in-Shop,9/27/24,11/2/24,36,LE-3DDV40EV,Valentino Beauty Mirage Mascara,70.53,1514,1386,67.05,38.5,97754.58,54504
Charlotte Tilbury,Europe,Berlin,Luxury Mall,Flash Event,3/13/25,3/20/25,7,LE-QGGKGM0Q,Charlotte Tilbury Pearl Primer,60.87,1035,2877,86.01,411,175122.99,7245
Dior,Asia-Pacific,Tokyo,Luxury Mall,Mobile Pop-Up Truck,12/14/24,1/7/25,24,LE-FUV0RG1G,Dior Opulence Highlighter,81.32,1153,967,64.47,40.29166667,78636.44,27672
Charlotte Tilbury,Middle East,Dubai,Luxury Mall,Standalone Pop-Up,1/23/25,3/11/25,47,LE-ZA8B6B29,Charlotte Tilbury Noir Lipstick,43.39,1582,1798,51.14,38.25531915,78015.22,74354
Valentino Beauty,North America,New York,Art/Design District,Mobile Pop-Up Truck,12/10/24,1/24/25,45,LE-UA1QAJAN,Valentino Beauty Opulence Lipstick,73.98,564,313,47.42,6.955555556,23155.74,25380
Chanel,Asia-Pacific,Tokyo,Art/Design District,Shop-in-Shop,3/21/25,5/2/25,42,LE-95OH6XY4,Chanel Noir Lipstick,79.68,1289,3175,79.45,75.5952381,252984,54138
MAC Cosmetics,Middle East,Abu Dhabi,Airport Duty-Free,Shop-in-Shop,10/18/24,1/3/25,77,LE-6F49ZPSM,MAC Cosmetics Éclat Eyeshadow Palette,96.16,1194,1499,69.62,19.46753247,144143.84,91938
Dior,Asia-Pacific,Hong Kong,High-Street,Standalone Pop-Up,8/22/24,9/17/24,26,LE-YO5D2UR1,Dior Noir Highlighter,81.66,1361,2099,60.44,80.73076923,171404.34,35386
Estée Lauder,North America,Toronto,Department Store Atrium,Standalone Pop-Up,5/3/25,5/23/25,20,LE-1181UO0N,Estée Lauder Éclat Mascara,64.91,1719,1803,71.52,90.15,117032.73,34380
Hourglass,Asia-Pacific,Singapore,Airport Duty-Free,Mall Kiosk,10/28/24,12/31/24,64,LE-IXJ0MEH6,Hourglass Glow Primer,82.46,1199,556,88.39,8.6875,45847.76,76736
La Prairie,Europe,London,Airport Duty-Free,Mobile Pop-Up Truck,5/28/24,7/13/24,46,LE-O58Z5ZGY,La Prairie Éclat Highlighter,65.71,1158,3364,78.4,73.13043478,221048.44,53268
Estée Lauder,Europe,Paris,Airport Duty-Free,Mall Kiosk,6/26/25,6/30/25,4,LE-PPPUNQYY,Estée Lauder Pearl Serum,225.54,1381,3350,79.5,837.5,755559,5524
NARS,North America,Toronto,Luxury Mall,Flash Event,7/6/24,10/1/24,87,LE-PFLDMQUC,NARS Glow Mascara,40.95,1476,2222,87,25.54022989,90990.9,128412
Hourglass,North America,Chicago,Department Store Atrium,Mobile Pop-Up Truck,5/11/25,5/22/25,11,LE-HARTH55Q,Hourglass Satin Eyeshadow Palette,66.21,616,2747,97.58,249.7272727,181878.87,6776
Armani Beauty,Europe,Milan,Luxury Mall,Shop-in-Shop,6/2/24,7/5/24,33,LE-KHFZHCB4,Armani Beauty Rouge Fragrance,333.62,1262,2188,60.54,66.3030303,729960.56,41646
Armani Beauty,Middle East,Jeddah,High-Street,Mobile Pop-Up Truck,1/25/25,3/4/25,38,LE-0P4Z00JH,Armani Beauty Pearl Blush,67.18,1206,1431,62.57,37.65789474,96134.58,45828
Tom Ford Beauty,Europe,Madrid,Art/Design District,Shop-in-Shop,11/1/24,12/2/24,31,LE-5J5DM3RJ,Tom Ford Beauty Noir Blush,40.61,1140,689,55.97,22.22580645,27980.29,35340
Hourglass,Middle East,Dubai,High-Street,Standalone Pop-Up,6/26/25,8/7/25,42,LE-5NLX5TNB,Hourglass Lumière Primer,51.51,2559,2803,67.95,66.73809524,144382.53,107478
Charlotte Tilbury,Asia-Pacific,Hong Kong,Luxury Mall,Flash Event,6/2/24,8/21/24,80,LE-RE3MOTTK,Charlotte Tilbury Velvet Blush,45.75,1896,1180,72.7,14.75,53985,151680
Armani Beauty,Middle East,Dubai,Airport Duty-Free,Mobile Pop-Up Truck,7/13/24,8/4/24,22,LE-11Z3SVLW,Armani Beauty Mirage Highlighter,63.13,1593,4154,93.83,188.8181818,262242.02,35046
Huda Beauty,North America,Miami,Department Store Atrium,Shop-in-Shop,8/6/24,10/11/24,66,LE-JVY8DT6F,Huda Beauty Rouge Eyeshadow Palette,52.08,1347,1132,48.13,17.15151515,58954.56,88902
Hermès Beauty,Latin America,Buenos Aires,Luxury Mall,Flash Event,6/8/24,6/20/24,12,LE-6S520W9L,Hermès Beauty Mirage Fragrance,276.78,1738,2497,67.03,208.0833333,691119.66,20856
Hermès Beauty,Middle East,Jeddah,High-Street,Mall Kiosk,11/14/24,1/15/25,62,LE-PVSCTOFZ,Hermès Beauty Mirage Primer,73.31,2566,2087,77.32,33.66129032,152997.97,159092
Clé de Peau Beauté,Europe,Berlin,Airport Duty-Free,Shop-in-Shop,2/2/25,3/6/25,32,LE-W2QP1746,Clé de Peau Beauté Satin Highlighter,35.21,1633,1869,61.04,58.40625,65807.49,52256
Givenchy Beauty,Latin America,Buenos Aires,Luxury Mall,Flash Event,10/4/24,11/9/24,36,LE-8SNK5ZZU,Givenchy Beauty Noir Blush,61.3,1219,4361,90.84,121.1388889,267329.3,43884
Fenty Beauty,Asia-Pacific,Shanghai,Airport Duty-Free,Flash Event,10/25/24,11/2/24,8,LE-SI9D4YU7,Fenty Beauty Lumière Setting Powder,81.12,1470,1565,85.15,195.625,126952.8,11760
Charlotte Tilbury,Asia-Pacific,Tokyo,Department Store Atrium,Mobile Pop-Up Truck,6/11/24,6/20/24,9,LE-3FL1A08Q,Charlotte Tilbury Satin Foundation,45.82,870,771,67.75,85.66666667,35327.22,7830
Clé de Peau Beauté,Asia-Pacific,Tokyo,Department Store Atrium,Standalone Pop-Up,6/29/24,7/10/24,11,LE-S3IT8XUB,Clé de Peau Beauté Satin Primer,53.89,923,1535,57.9,139.5454545,82721.15,10153
Clé de Peau Beauté,Latin America,São Paulo,High-Street,Mall Kiosk,2/23/25,4/29/25,65,LE-4DIEPJ7W,Clé de Peau Beauté Rouge Foundation,110.68,1751,1451,83.15,22.32307692,160596.68,113815
Fenty Beauty,Middle East,Dubai,Airport Duty-Free,Shop-in-Shop,12/12/24,1/29/25,48,LE-9BTSCDU7,Fenty Beauty Lumière Mascara,58.08,1803,1080,82.89,22.5,62726.4,86544
NARS,Europe,Paris,Luxury Mall,Mobile Pop-Up Truck,6/4/25,6/18/25,14,LE-G7UY6XDT,NARS Rouge Primer,57.63,1219,1964,54.75,140.2857143,113185.32,17066
Huda Beauty,Europe,London,Department Store Atrium,Standalone Pop-Up,12/30/24,1/27/25,28,LE-LPUC2OA9,Huda Beauty Pearl Highlighter,40.18,755,3690,85.71,131.7857143,148264.2,21140
Rare Beauty,Latin America,Lima,Airport Duty-Free,Flash Event,11/16/24,1/28/25,73,LE-3K87AZ85,Rare Beauty Noir Fragrance,118.45,1692,2575,97.5,35.2739726,305008.75,123516
Dior,North America,Chicago,Art/Design District,Flash Event,4/3/24,4/28/24,25,LE-LH3C7S5Q,Dior Velvet Foundation,101.31,623,1140,97.27,45.6,115493.4,15575
Givenchy Beauty,North America,Los Angeles,Department Store Atrium,Flash Event,9/24/24,12/7/24,74,LE-F4GC39PB,Givenchy Beauty Pearl Highlighter,47.35,778,1580,59.85,21.35135135,74813,57572
Estée Lauder,Asia-Pacific,Singapore,Department Store Atrium,Mall Kiosk,9/12/24,12/9/24,88,LE-LGTFZNXT,Estée Lauder Rouge Serum,243.09,832,1755,49.04,19.94318182,426622.95,73216
Clé de Peau Beauté,Europe,Berlin,Luxury Mall,Mall Kiosk,1/6/25,2/10/25,35,LE-1ZXYZ9O6,Clé de Peau Beauté Éclat Lipstick,77.83,1135,2090,50.11,59.71428571,162664.7,39725
Chanel,Latin America,São Paulo,Luxury Mall,Standalone Pop-Up,7/15/24,9/18/24,65,LE-3UUOH47H,Chanel Mirage Fragrance,359.67,1287,1145,100,17.61538462,411822.15,83655
Charlotte Tilbury,Latin America,Buenos Aires,High-Street,Shop-in-Shop,8/11/24,11/6/24,87,LE-UIFNJXEG,Charlotte Tilbury Rouge Highlighter,55.96,1662,1026,64,11.79310345,57414.96,144594
Huda Beauty,Middle East,Dubai,Art/Design District,Mall Kiosk,7/12/25,8/3/25,22,LE-5T1YJAIJ,Huda Beauty Satin Eyeshadow Palette,92.67,598,4333,97.07,196.9545455,401539.11,13156
Estée Lauder,Europe,Madrid,Airport Duty-Free,Shop-in-Shop,2/26/25,4/7/25,40,LE-XDXHMTVD,Estée Lauder Éclat Setting Powder,80.83,905,2653,96.23,66.325,214441.99,36200
Pat McGrath Labs,Latin America,Lima,High-Street,Mall Kiosk,5/31/24,7/18/24,48,LE-6ROS8LX5,Pat McGrath Labs Noir Highlighter,53.42,1388,4374,89.5,91.125,233659.08,66624
Shiseido,Asia-Pacific,Tokyo,Department Store Atrium,Flash Event,1/24/25,4/11/25,77,LE-ST77PT74,Shiseido Mirage Blush,32.58,879,1515,54.65,19.67532468,49358.7,67683
Huda Beauty,Latin America,Lima,Art/Design District,Flash Event,9/11/24,9/15/24,4,LE-GPH4BHBD,Huda Beauty Noir Foundation,76.54,652,3213,65.75,803.25,245923.02,2608
Charlotte Tilbury,Europe,Milan,Luxury Mall,Standalone Pop-Up,10/6/24,1/4/25,90,LE-47179TFY,Charlotte Tilbury Opulence Eyeshadow Palette,147.18,1016,1795,63.81,19.94444444,264188.1,91440
Pat McGrath Labs,Asia-Pacific,Tokyo,Art/Design District,Mall Kiosk,7/5/24,8/31/24,57,LE-60YMALD4,Pat McGrath Labs Mirage Mascara,59.94,1216,3656,82.77,64.14035088,219140.64,69312
MAC Cosmetics,Asia-Pacific,Hong Kong,Luxury Mall,Standalone Pop-Up,11/29/24,1/7/25,39,LE-EA6K7A6O,MAC Cosmetics Velvet Lipstick,31.67,1519,1178,75.03,30.20512821,37307.26,59241
Pat McGrath Labs,Middle East,Jeddah,Airport Duty-Free,Flash Event,5/12/24,5/27/24,15,LE-MO1RCQ55,Pat McGrath Labs Glow Mascara,55.91,1125,724,60.33,48.26666667,40478.84,16875
Hermès Beauty,Europe,Milan,High-Street,Flash Event,9/14/24,9/26/24,12,LE-I1F31GWC,Hermès Beauty Pearl Blush,62.69,2216,1088,75.14,90.66666667,68206.72,26592
Huda Beauty,North America,Miami,High-Street,Flash Event,11/28/24,1/19/25,52,LE-WTUMHQQN,Huda Beauty Velvet Primer,75.08,1222,664,61.25,12.76923077,49853.12,63544
Dior,Middle East,Riyadh,Airport Duty-Free,Shop-in-Shop,1/4/25,3/17/25,72,LE-ZZIPSIF4,Dior Opulence Eyeshadow Palette,66.7,1221,1305,66.45,18.125,87043.5,87912
Valentino Beauty,Middle East,Jeddah,High-Street,Standalone Pop-Up,8/10/24,11/4/24,86,LE-GQQGAQ4T,Valentino Beauty Rouge Eyeshadow Palette,74.44,1267,2959,93.73,34.40697674,220267.96,108962
Lancôme,Latin America,Mexico City,Airport Duty-Free,Shop-in-Shop,4/3/24,5/17/24,44,LE-UW0SDVQX,Lancôme Noir Highlighter,51.34,1607,2316,50.91,52.63636364,118903.44,70708
Givenchy Beauty,North America,Chicago,Luxury Mall,Mobile Pop-Up Truck,10/31/24,1/29/25,90,LE-WTC4PHM3,Givenchy Beauty Satin Fragrance,151.36,1359,736,59.89,8.177777778,111400.96,122310
Guerlain,Asia-Pacific,Shanghai,Art/Design District,Mobile Pop-Up Truck,4/4/24,4/25/24,21,LE-UN3VA3PE,Guerlain Noir Fragrance,200.71,1420,2253,96.24,107.2857143,452199.63,29820
Clé de Peau Beauté,Latin America,São Paulo,Art/Design District,Shop-in-Shop,11/28/24,12/27/24,29,LE-F3P3GQCF,Clé de Peau Beauté Glow Primer,66.05,1178,2842,62.6,98,187714.1,34162
Dior,Asia-Pacific,Tokyo,Airport Duty-Free,Mall Kiosk,3/15/25,6/8/25,85,LE-5A2D86QD,Dior Rouge Eyeshadow Palette,142.22,1962,1070,75.41,12.58823529,152175.4,166770
Clé de Peau Beauté,Middle East,Doha,Airport Duty-Free,Shop-in-Shop,2/16/25,3/13/25,25,LE-KPZON6LQ,Clé de Peau Beauté Noir Setting Powder,52.8,1368,2639,63.12,105.56,139339.2,34200
Huda Beauty,Europe,Milan,Department Store Atrium,Shop-in-Shop,3/31/24,5/10/24,40,LE-VYQWVYJC,Huda Beauty Noir Serum,271.83,1465,787,72.87,19.675,213930.21,58600
La Prairie,Middle East,Riyadh,Art/Design District,Flash Event,12/22/24,3/21/25,89,LE-QWXLZ25U,La Prairie Glow Foundation,75.53,786,3223,90.31,36.21348315,243433.19,69954
Shiseido,Asia-Pacific,Singapore,High-Street,Mall Kiosk,11/18/24,2/12/25,86,LE-AJPWBY3W,Shiseido Pearl Eyeshadow Palette,101.02,2342,4398,90.38,51.13953488,444285.96,201412
Estée Lauder,North America,Miami,Department Store Atrium,Shop-in-Shop,10/4/24,11/15/24,42,LE-UNK4D12D,Estée Lauder Opulence Lipstick,75.33,1359,387,73.43,9.214285714,29152.71,57078
NARS,Europe,Madrid,Luxury Mall,Shop-in-Shop,11/14/24,11/29/24,15,LE-3U0W4NKP,NARS Rouge Primer,48.03,1642,748,97.65,49.86666667,35926.44,24630
Guerlain,North America,Los Angeles,Airport Duty-Free,Flash Event,2/13/25,5/2/25,78,LE-PS9WV29L,Guerlain Noir Mascara,33.18,2088,2226,86.51,28.53846154,73858.68,162864
MAC Cosmetics,North America,New York,Airport Duty-Free,Mall Kiosk,11/7/24,1/12/25,66,LE-7PXVMWX8,MAC Cosmetics Pearl Highlighter,52.85,1541,2126,71.27,32.21212121,112359.1,101706
Pat McGrath Labs,Asia-Pacific,Seoul,Luxury Mall,Standalone Pop-Up,4/4/24,5/7/24,33,LE-YUN33OOY,Pat McGrath Labs Noir Highlighter,49.72,1524,1025,68.38,31.06060606,50963,50292
Clé de Peau Beauté,Europe,Milan,Luxury Mall,Mall Kiosk,10/17/24,1/12/25,87,LE-IKW2ZIA2,Clé de Peau Beauté Mirage Blush,50.21,1504,3084,76.49,35.44827586,154847.64,130848
Dior,Middle East,Doha,Department Store Atrium,Standalone Pop-Up,3/26/24,6/2/24,68,LE-DE7B46WA,Dior Noir Eyeshadow Palette,119.42,1040,948,42.08,13.94117647,113210.16,70720
Givenchy Beauty,North America,Miami,High-Street,Mall Kiosk,9/23/24,12/18/24,86,LE-GNE82BD6,Givenchy Beauty Noir Mascara,36.91,1701,2180,53.5,25.34883721,80463.8,146286
Huda Beauty,North America,Los Angeles,Department Store Atrium,Flash Event,8/24/24,9/17/24,24,LE-W4Z8GXWC,Huda Beauty Éclat Lipstick,38.15,1664,2214,52.99,92.25,84464.1,39936
Armani Beauty,Latin America,Bogotá,Art/Design District,Standalone Pop-Up,10/5/24,11/9/24,35,LE-I1X2UJGX,Armani Beauty Éclat Setting Powder,58.18,1030,1029,47.31,29.4,59867.22,36050
Tom Ford Beauty,Asia-Pacific,Tokyo,Department Store Atrium,Standalone Pop-Up,8/18/24,10/16/24,59,LE-CM4XLL3E,Tom Ford Beauty Noir Primer,77.61,1604,1390,87.04,23.55932203,107877.9,94636
MAC Cosmetics,Latin America,Bogotá,Department Store Atrium,Shop-in-Shop,7/7/25,7/23/25,16,LE-YXITY6VM,MAC Cosmetics Satin Foundation,81.59,613,1540,57.85,96.25,125648.6,9808
Clé de Peau Beauté,Europe,Paris,Airport Duty-Free,Standalone Pop-Up,5/8/24,6/4/24,27,LE-9L9J7X2K,Clé de Peau Beauté Pearl Serum,262.66,2349,1358,91.69,50.2962963,356692.28,63423
Lancôme,North America,Chicago,Department Store Atrium,Flash Event,3/2/24,5/10/24,69,LE-F4MTGRED,Lancôme Velvet Lipstick,46.88,1195,1856,53.44,26.89855072,87009.28,82455
Huda Beauty,Asia-Pacific,Hong Kong,Luxury Mall,Mobile Pop-Up Truck,3/4/24,4/30/24,57,LE-ESYCOY1C,Huda Beauty Lumière Primer,47.19,767,3228,69.46,56.63157895,152329.32,43719
Pat McGrath Labs,North America,Toronto,High-Street,Flash Event,5/10/25,5/20/25,10,LE-ZPADJ5KC,Pat McGrath Labs Pearl Fragrance,145.71,1592,2288,79.69,228.8,333384.48,15920
Bobbi Brown,Europe,Berlin,Art/Design District,Standalone Pop-Up,6/8/25,6/20/25,12,LE-EWL8M8YP,Bobbi Brown Noir Serum,114.53,523,281,66.75,23.41666667,32182.93,6276
Clé de Peau Beauté,Middle East,Doha,Art/Design District,Shop-in-Shop,11/1/24,1/30/25,90,LE-8WYU5WEW,Clé de Peau Beauté Noir Setting Powder,52.7,1069,3216,84.32,35.73333333,169483.2,96210
MAC Cosmetics,Europe,London,Airport Duty-Free,Mall Kiosk,5/11/24,7/22/24,72,LE-LN4HUTEV,MAC Cosmetics Mirage Serum,258.17,2003,2000,47.98,27.77777778,516340,144216
MAC Cosmetics,Middle East,Riyadh,Department Store Atrium,Mobile Pop-Up Truck,12/2/24,12/9/24,7,LE-YPNNX0P7,MAC Cosmetics Mirage Mascara,37.11,653,3266,85.83,466.5714286,121201.26,4571
Estée Lauder,Latin America,São Paulo,Airport Duty-Free,Standalone Pop-Up,9/17/24,11/26/24,70,LE-OESR1H7F,Estée Lauder Lumière Fragrance,130.77,1739,1324,53,18.91428571,173139.48,121730
MAC Cosmetics,Europe,Berlin,High-Street,Flash Event,10/30/24,1/7/25,69,LE-NBRIE0SL,MAC Cosmetics Rouge Setting Powder,80.17,1607,1241,57.69,17.98550725,99490.97,110883
Bobbi Brown,North America,Miami,Airport Duty-Free,Shop-in-Shop,11/27/24,2/3/25,68,LE-KNNAKMOR,Bobbi Brown Mirage Foundation,111.89,2348,1620,78.56,23.82352941,181261.8,159664
Chanel,Middle East,Dubai,Luxury Mall,Mall Kiosk,6/30/25,7/25/25,25,LE-AM8506JO,Chanel Noir Lipstick,59.64,1563,2018,100,80.72,120353.52,39075
La Prairie,Latin America,Buenos Aires,Luxury Mall,Mobile Pop-Up Truck,3/9/25,3/16/25,7,LE-R2IQJKHJ,La Prairie Velvet Mascara,52.32,972,3798,86.85,542.5714286,198711.36,6804
Dior,North America,New York,High-Street,Mobile Pop-Up Truck,4/14/24,7/3/24,80,LE-RBDY8O8I,Dior Rouge Blush,57.89,1422,1896,100,23.7,109759.44,113760
Dior,Middle East,Riyadh,Department Store Atrium,Shop-in-Shop,9/30/24,10/8/24,8,LE-YIFBSPBB,Dior Lumière Highlighter,69.09,1868,3106,80.05,388.25,214593.54,14944
Givenchy Beauty,Middle East,Doha,Department Store Atrium,Standalone Pop-Up,6/15/25,7/12/25,27,LE-I2GUKPVS,Givenchy Beauty Velvet Mascara,70.04,734,2185,89.18,80.92592593,153037.4,19818
Charlotte Tilbury,Europe,Paris,Luxury Mall,Mobile Pop-Up Truck,12/13/24,1/15/25,33,LE-82LOYLNJ,Charlotte Tilbury Lumière Mascara,58.85,897,4050,87.4,122.7272727,238342.5,29601
Huda Beauty,North America,Los Angeles,Luxury Mall,Mobile Pop-Up Truck,8/4/24,8/15/24,11,LE-T2PMGNY7,Huda Beauty Velvet Foundation,116.47,2053,1148,73.78,104.3636364,133707.56,22583
YSL Beauty,Asia-Pacific,Hong Kong,Art/Design District,Mobile Pop-Up Truck,11/7/24,1/22/25,76,LE-92RUJJ10,YSL Beauty Velvet Mascara,62.35,568,2835,88.04,37.30263158,176762.25,43168
Valentino Beauty,North America,Los Angeles,Airport Duty-Free,Mobile Pop-Up Truck,2/21/25,4/22/25,60,LE-2W9S0Z5V,Valentino Beauty Rouge Lipstick,31.47,1679,4731,98.73,78.85,148884.57,100740
Hermès Beauty,Europe,Paris,High-Street,Shop-in-Shop,2/29/24,5/2/24,63,LE-VCUIAH6U,Hermès Beauty Lumière Highlighter,73.43,1077,2980,68.7,47.3015873,218821.4,67851
Lancôme,Middle East,Dubai,Luxury Mall,Mall Kiosk,5/16/25,6/7/25,22,LE-9C6LCWJD,Lancôme Pearl Blush,35.67,1498,3680,88.27,167.2727273,131265.6,32956
Clé de Peau Beauté,Europe,London,Department Store Atrium,Mall Kiosk,10/15/24,10/21/24,6,LE-327OCP9Q,Clé de Peau Beauté Velvet Mascara,49.27,1123,3093,82.97,515.5,152392.11,6738
Chanel,Middle East,Abu Dhabi,High-Street,Mall Kiosk,7/23/24,8/24/24,32,LE-7ADR204Q,Chanel Satin Foundation,68.86,2700,4153,93.24,129.78125,285975.58,86400
Tom Ford Beauty,Asia-Pacific,Tokyo,High-Street,Shop-in-Shop,11/4/24,1/11/25,68,LE-X7K4CSOT,Tom Ford Beauty Mirage Lipstick,38.36,877,1401,59.26,20.60294118,53742.36,59636
Lancôme,Asia-Pacific,Seoul,Art/Design District,Standalone Pop-Up,10/25/24,12/23/24,59,LE-O5KYEAXP,Lancôme Opulence Setting Powder,53.92,1043,2653,77.91,44.96610169,143049.76,61537
Armani Beauty,Middle East,Abu Dhabi,Art/Design District,Mall Kiosk,11/30/24,1/16/25,47,LE-QKQSYZW9,Armani Beauty Mirage Primer,80.92,992,747,58.54,15.89361702,60447.24,46624
Tom Ford Beauty,Asia-Pacific,Singapore,Airport Duty-Free,Flash Event,9/11/24,12/7/24,87,LE-MCA439BD,Tom Ford Beauty Velvet Lipstick,59.77,861,1722,57.13,19.79310345,102923.94,74907
Fenty Beauty,North America,Los Angeles,Department Store Atrium,Shop-in-Shop,3/25/25,5/22/25,58,LE-2RU7QPTB,Fenty Beauty Velvet Foundation,111.1,1941,451,75.54,7.775862069,50106.1,112578
YSL Beauty,Asia-Pacific,Seoul,Airport Duty-Free,Shop-in-Shop,3/18/25,5/26/25,69,LE-3JF3S31P,YSL Beauty Mirage Lipstick,62.03,1270,1088,87.88,15.76811594,67488.64,87630
Armani Beauty,Asia-Pacific,Singapore,Art/Design District,Mall Kiosk,3/1/24,4/20/24,50,LE-GTTAVXX2,Armani Beauty Pearl Fragrance,123.2,1045,2718,60.37,54.36,334857.6,52250
Armani Beauty,North America,New York,High-Street,Shop-in-Shop,5/6/25,7/27/25,82,LE-6YPB63R2,Armani Beauty Noir Blush,48.67,2712,510,71.73,6.219512195,24821.7,222384
Clé de Peau Beauté,Latin America,Buenos Aires,High-Street,Mobile Pop-Up Truck,12/28/24,2/19/25,53,LE-9SCN2D83,Clé de Peau Beauté Noir Serum,262.5,2942,527,82.99,9.943396226,138337.5,155926
Chanel,Middle East,Jeddah,High-Street,Flash Event,5/15/25,7/7/25,53,LE-U59WV37Z,Chanel Rouge Blush,63.7,2153,2251,70.72,42.47169811,143388.7,114109
MAC Cosmetics,Middle East,Dubai,Airport Duty-Free,Mobile Pop-Up Truck,2/27/25,3/26/25,27,LE-5AONQ2YL,MAC Cosmetics Opulence Highlighter,74.09,1560,1199,64.43,44.40740741,88833.91,42120
Guerlain,North America,New York,Art/Design District,Shop-in-Shop,5/15/25,7/25/25,71,LE-2S0BT6SD,Guerlain Velvet Mascara,44.32,939,821,50.34,11.56338028,36386.72,66669
La Prairie,Asia-Pacific,Singapore,High-Street,Mall Kiosk,11/7/24,1/8/25,62,LE-8WE905QC,La Prairie Rouge Setting Powder,67.27,2189,3541,86.51,57.11290323,238203.07,135718
Chanel,Middle East,Doha,Luxury Mall,Mobile Pop-Up Truck,8/14/24,9/30/24,47,LE-CP8LJVKX,Chanel Pearl Blush,35.91,1705,2787,60.27,59.29787234,100081.17,80135
Bobbi Brown,Asia-Pacific,Singapore,Art/Design District,Mobile Pop-Up Truck,7/30/24,8/28/24,29,LE-PVJXA2RJ,Bobbi Brown Satin Blush,64.19,712,4015,81.86,138.4482759,257722.85,20648
Rare Beauty,North America,Chicago,Art/Design District,Shop-in-Shop,3/6/24,3/29/24,23,LE-NJO5ALEW,Rare Beauty Noir Primer,41.32,664,2365,70.94,102.826087,97721.8,15272
YSL Beauty,Latin America,Bogotá,Airport Duty-Free,Mobile Pop-Up Truck,12/30/24,2/12/25,44,LE-PH3DML6Y,YSL Beauty Mirage Primer,46.21,1398,3342,68.78,75.95454545,154433.82,61512
Chanel,Asia-Pacific,Seoul,High-Street,Standalone Pop-Up,6/16/24,9/9/24,85,LE-5YGVSIYJ,Chanel Éclat Blush,37.56,2243,1462,86.92,17.2,54912.72,190655
Valentino Beauty,Latin America,São Paulo,Department Store Atrium,Mobile Pop-Up Truck,4/20/25,5/29/25,39,LE-R9WBWP62,Valentino Beauty Velvet Foundation,55.36,991,1839,58.62,47.15384615,101807.04,38649
Shiseido,Asia-Pacific,Hong Kong,High-Street,Flash Event,4/11/24,6/26/24,76,LE-WBUN7PPO,Shiseido Mirage Mascara,31.09,1777,3059,81.33,40.25,95104.31,135052
La Prairie,Latin America,São Paulo,Luxury Mall,Standalone Pop-Up,11/24/24,1/11/25,48,LE-GJ4XD0U2,La Prairie Pearl Blush,32.78,928,1664,68.11,34.66666667,54545.92,44544
Tom Ford Beauty,Latin America,Buenos Aires,Art/Design District,Mall Kiosk,2/27/25,3/13/25,14,LE-K5681J09,Tom Ford Beauty Velvet Setting Powder,73.54,448,2886,64.06,206.1428571,212236.44,6272
Pat McGrath Labs,Europe,London,High-Street,Standalone Pop-Up,8/23/24,10/8/24,46,LE-6C4LZ438,Pat McGrath Labs Opulence Fragrance,235.92,1367,944,86.37,20.52173913,222708.48,62882
Givenchy Beauty,Asia-Pacific,Seoul,High-Street,Shop-in-Shop,5/7/25,7/29/25,83,LE-SS6VKFHD,Givenchy Beauty Satin Primer,78.94,2671,926,60.72,11.15662651,73098.44,221693
Dior,Latin America,Mexico City,Luxury Mall,Shop-in-Shop,4/27/25,7/23/25,87,LE-NPIMKCN2,Dior Lumière Mascara,43.96,1729,3697,88.83,42.49425287,162520.12,150423
Valentino Beauty,Europe,Paris,Airport Duty-Free,Shop-in-Shop,2/28/25,5/17/25,78,LE-F2B3H44X,Valentino Beauty Éclat Lipstick,31.78,1036,3363,79.62,43.11538462,106876.14,80808
NARS,Middle East,Dubai,Art/Design District,Mall Kiosk,3/6/25,5/27/25,82,LE-Q41P4PRY,NARS Lumière Lipstick,64.72,665,1130,92.85,13.7804878,73133.6,54530
Bobbi Brown,Asia-Pacific,Tokyo,Luxury Mall,Standalone Pop-Up,10/4/24,10/26/24,22,LE-XXT64PXH,Bobbi Brown Satin Foundation,113.85,1370,1589,59.09,72.22727273,180907.65,30140
Charlotte Tilbury,Asia-Pacific,Seoul,Airport Duty-Free,Mall Kiosk,2/13/25,3/4/25,19,LE-GQ112B33,Charlotte Tilbury Pearl Fragrance,230.22,1938,363,51.56,19.10526316,83569.86,36822
Charlotte Tilbury,Middle East,Abu Dhabi,Airport Duty-Free,Standalone Pop-Up,1/16/25,3/16/25,59,LE-CJA3P7K4,Charlotte Tilbury Lumière Fragrance,363.97,1171,1362,48.25,23.08474576,495727.14,69089
MAC Cosmetics,Asia-Pacific,Seoul,High-Street,Mobile Pop-Up Truck,1/9/25,1/31/25,22,LE-S6ZEJPHI,MAC Cosmetics Rouge Serum,112.71,1111,903,82.17,41.04545455,101777.13,24442
Charlotte Tilbury,Europe,Paris,Airport Duty-Free,Mall Kiosk,3/13/25,5/22/25,70,LE-YXNRLZYD,Charlotte Tilbury Pearl Serum,179.26,958,1044,71.85,14.91428571,187147.44,67060
Tom Ford Beauty,Latin America,Buenos Aires,High-Street,Flash Event,10/4/24,11/17/24,44,LE-647DVPSY,Tom Ford Beauty Satin Blush,44.65,2459,1721,68.24,39.11363636,76842.65,108196
Huda Beauty,Middle East,Dubai,Art/Design District,Standalone Pop-Up,3/6/25,4/11/25,36,LE-DQXRA25P,Huda Beauty Velvet Lipstick,72.98,933,653,40.99,18.13888889,47655.94,33588
Huda Beauty,Latin America,São Paulo,Airport Duty-Free,Mall Kiosk,11/29/24,2/16/25,79,LE-E4H81AZW,Huda Beauty Opulence Highlighter,60.43,1297,3823,82.64,48.39240506,231023.89,102463
Dior,Asia-Pacific,Shanghai,Department Store Atrium,Mobile Pop-Up Truck,4/22/25,5/8/25,16,LE-6K4QJJPY,Dior Opulence Foundation,108.22,1046,2009,88.46,125.5625,217413.98,16736
Huda Beauty,Europe,London,High-Street,Shop-in-Shop,8/19/24,10/23/24,65,LE-0YQF2GTR,Huda Beauty Mirage Foundation,50.13,2449,2543,56.35,39.12307692,127480.59,159185
Clé de Peau Beauté,Latin America,São Paulo,Luxury Mall,Shop-in-Shop,6/8/24,7/25/24,47,LE-XWAWDCO8,Clé de Peau Beauté Lumière Foundation,47.28,1563,2053,80.57,43.68085106,97065.84,73461
Huda Beauty,Asia-Pacific,Shanghai,Luxury Mall,Flash Event,12/11/24,2/17/25,68,LE-DK8AJP8T,Huda Beauty Glow Setting Powder,70.51,1539,3042,87.36,44.73529412,214491.42,104652
Pat McGrath Labs,Latin America,Lima,Airport Duty-Free,Flash Event,11/20/24,12/12/24,22,LE-US430TZ6,Pat McGrath Labs Velvet Primer,41.45,1664,2777,60.38,126.2272727,115106.65,36608
Bobbi Brown,Europe,London,High-Street,Mobile Pop-Up Truck,7/5/25,7/20/25,15,LE-POTEFPR1,Bobbi Brown Opulence Foundation,57.72,2312,680,89.59,45.33333333,39249.6,34680
Huda Beauty,North America,Toronto,Art/Design District,Mobile Pop-Up Truck,7/3/24,8/22/24,50,LE-6L2R4YL0,Huda Beauty Velvet Foundation,77.41,650,2526,65.58,50.52,195537.66,32500
Dior,Europe,Milan,High-Street,Mobile Pop-Up Truck,5/25/24,8/7/24,74,LE-TD6ME6TM,Dior Satin Lipstick,79.69,2222,687,72.54,9.283783784,54747.03,164428
Huda Beauty,North America,Chicago,Luxury Mall,Flash Event,6/28/24,9/15/24,79,LE-2RYIZ90Z,Huda Beauty Velvet Mascara,59,1723,2851,69.5,36.08860759,168209,136117
MAC Cosmetics,Europe,London,High-Street,Shop-in-Shop,4/1/24,5/19/24,48,LE-OEO8CJR5,MAC Cosmetics Glow Setting Powder,42.22,2739,1355,50.11,28.22916667,57208.1,131472
Fenty Beauty,North America,Chicago,High-Street,Flash Event,7/19/25,7/28/25,9,LE-NAFDB5HL,Fenty Beauty Pearl Eyeshadow Palette,124.51,1900,3421,89.11,380.1111111,425948.71,17100
Charlotte Tilbury,Middle East,Abu Dhabi,High-Street,Mall Kiosk,6/4/24,8/29/24,86,LE-HZ0RMDLZ,Charlotte Tilbury Noir Mascara,62.24,1491,429,54.24,4.988372093,26700.96,128226
Tom Ford Beauty,North America,Miami,High-Street,Mall Kiosk,12/17/24,12/23/24,6,LE-7E8U5E84,Tom Ford Beauty Glow Highlighter,36.65,2366,1026,76.85,171,37602.9,14196
Hermès Beauty,Europe,Madrid,High-Street,Standalone Pop-Up,3/10/25,4/4/25,25,LE-ODQBI5IP,Hermès Beauty Pearl Setting Powder,62.5,2743,463,69.62,18.52,28937.5,68575
Armani Beauty,North America,Miami,Department Store Atrium,Shop-in-Shop,5/7/25,7/26/25,80,LE-60UWQYPN,Armani Beauty Lumière Fragrance,172.55,577,855,84.57,10.6875,147530.25,46160
Pat McGrath Labs,Asia-Pacific,Singapore,Airport Duty-Free,Flash Event,5/13/25,6/6/25,24,LE-RQ5V7YQ5,Pat McGrath Labs Pearl Foundation,99.23,1233,1319,99.85,54.95833333,130884.37,29592
Chanel,Asia-Pacific,Hong Kong,Luxury Mall,Shop-in-Shop,6/7/24,8/12/24,66,LE-NCLK53FM,Chanel Rouge Mascara,59.66,1658,1336,56.28,20.24242424,79705.76,109428
Hourglass,Europe,Madrid,Luxury Mall,Standalone Pop-Up,6/21/25,8/4/25,44,LE-X5H00EP2,Hourglass Velvet Foundation,75.98,2001,3000,77.62,68.18181818,227940,88044
Rare Beauty,Latin America,Buenos Aires,Art/Design District,Flash Event,8/12/24,10/14/24,63,LE-SV1UZ2XW,Rare Beauty Pearl Setting Powder,49.89,459,605,84.26,9.603174603,30183.45,28917
Rare Beauty,Asia-Pacific,Singapore,Airport Duty-Free,Standalone Pop-Up,3/17/24,5/9/24,53,LE-E0EW97T0,Rare Beauty Lumière Blush,39.83,1878,1733,85.29,32.69811321,69025.39,99534
Sisley-Paris,Middle East,Doha,High-Street,Flash Event,3/4/24,3/27/24,23,LE-9C43EACQ,Sisley-Paris Glow Blush,30.4,943,3310,79,143.9130435,100624,21689
Tom Ford Beauty,Europe,Paris,Luxury Mall,Mobile Pop-Up Truck,8/24/24,11/11/24,79,LE-KV7BLHIZ,Tom Ford Beauty Opulence Fragrance,313.81,888,3502,82.67,44.32911392,1098962.62,70152
NARS,North America,Chicago,Airport Duty-Free,Mall Kiosk,5/28/25,7/5/25,38,LE-2T3QNR74,NARS Glow Foundation,46.78,1143,3351,99.23,88.18421053,156759.78,43434
Pat McGrath Labs,Asia-Pacific,Singapore,High-Street,Mobile Pop-Up Truck,5/14/24,6/25/24,42,LE-240ZA7P1,Pat McGrath Labs Mirage Primer,59.57,1712,1513,88.84,36.02380952,90129.41,71904
La Prairie,Latin America,São Paulo,Department Store Atrium,Shop-in-Shop,9/1/24,11/2/24,62,LE-XJYLNNS9,La Prairie Pearl Foundation,89.89,925,2731,67.88,44.0483871,245489.59,57350
Valentino Beauty,Asia-Pacific,Tokyo,High-Street,Mobile Pop-Up Truck,9/9/24,12/2/24,84,LE-WIU9Z84K,Valentino Beauty Éclat Eyeshadow Palette,143.81,2520,209,77.12,2.488095238,30056.29,211680
Valentino Beauty,Middle East,Dubai,Department Store Atrium,Shop-in-Shop,4/8/24,6/16/24,69,LE-VUPNIV6N,Valentino Beauty Opulence Foundation,109.43,990,870,60.46,12.60869565,95204.1,68310
Fenty Beauty,Asia-Pacific,Hong Kong,Department Store Atrium,Shop-in-Shop,8/26/24,11/13/24,79,LE-1DHM552X,Fenty Beauty Pearl Blush,51.1,1263,1596,90.42,20.20253165,81555.6,99777
Lancôme,Asia-Pacific,Hong Kong,Art/Design District,Shop-in-Shop,3/1/25,5/23/25,83,LE-WCUXKZID,Lancôme Rouge Primer,74.79,650,722,46.79,8.698795181,53998.38,53950
Givenchy Beauty,Latin America,Bogotá,High-Street,Mall Kiosk,10/29/24,12/8/24,40,LE-EMRSOPRP,Givenchy Beauty Noir Foundation,85.82,1015,3994,87.26,99.85,342765.08,40600
Tom Ford Beauty,Asia-Pacific,Shanghai,High-Street,Mall Kiosk,4/5/25,5/14/25,39,LE-PAAZI797,Tom Ford Beauty Opulence Highlighter,72.15,1315,1924,46.8,49.33333333,138816.6,51285
Pat McGrath Labs,Europe,Paris,High-Street,Flash Event,3/29/25,4/1/25,3,LE-VTLUQR81,Pat McGrath Labs Satin Highlighter,46.69,1640,590,75.84,196.6666667,27547.1,4920
YSL Beauty,Europe,Madrid,High-Street,Mall Kiosk,8/10/24,9/18/24,39,LE-3PRXQT41,YSL Beauty Mirage Highlighter,44.99,1166,1876,49.32,48.1025641,84401.24,45474
Armani Beauty,Latin America,Buenos Aires,Art/Design District,Standalone Pop-Up,9/16/24,9/24/24,8,LE-6XP9WAA6,Armani Beauty Mirage Serum,260.08,966,4897,100,612.125,1273611.76,7728
Sisley-Paris,Middle East,Riyadh,Art/Design District,Mobile Pop-Up Truck,9/27/24,10/27/24,30,LE-WLQC7BPW,Sisley-Paris Noir Lipstick,57.72,904,165,79.71,5.5,9523.8,27120
Charlotte Tilbury,North America,New York,Art/Design District,Shop-in-Shop,2/27/25,5/5/25,67,LE-AVT44FO4,Charlotte Tilbury Noir Setting Powder,77.51,618,713,58.88,10.64179104,55264.63,41406
Clé de Peau Beauté,Asia-Pacific,Seoul,Department Store Atrium,Mobile Pop-Up Truck,4/13/24,6/12/24,60,LE-M640N58T,Clé de Peau Beauté Lumière Blush,42.76,1178,3406,75.86,56.76666667,145640.56,70680
MAC Cosmetics,Europe,London,Luxury Mall,Mall Kiosk,7/16/24,10/12/24,88,LE-EM63V890,MAC Cosmetics Éclat Serum,81.97,1390,2517,54.49,28.60227273,206318.49,122320
Bobbi Brown,North America,Los Angeles,Luxury Mall,Mobile Pop-Up Truck,6/22/24,8/24/24,63,LE-JRCDCP6C,Bobbi Brown Velvet Serum,160.38,1505,327,63.62,5.19047619,52444.26,94815
Hourglass,Asia-Pacific,Hong Kong,Airport Duty-Free,Mall Kiosk,4/22/25,7/19/25,88,LE-X6TV42L3,Hourglass Pearl Setting Powder,79.3,2011,1764,57.59,20.04545455,139885.2,176968
Pat McGrath Labs,Latin America,Mexico City,Department Store Atrium,Mobile Pop-Up Truck,3/24/25,6/18/25,86,LE-KE50QP62,Pat McGrath Labs Velvet Fragrance,325.58,1623,160,58.39,1.860465116,52092.8,139578
Armani Beauty,Middle East,Abu Dhabi,Airport Duty-Free,Shop-in-Shop,7/19/24,8/1/24,13,LE-JJEQ6ONR,Armani Beauty Lumière Eyeshadow Palette,145.64,1572,670,71.66,51.53846154,97578.8,20436
Clé de Peau Beauté,Asia-Pacific,Hong Kong,Luxury Mall,Mall Kiosk,9/9/24,11/29/24,81,LE-41O66GTS,Clé de Peau Beauté Noir Setting Powder,47.95,787,2288,59.66,28.24691358,109709.6,63747
Dior,North America,Toronto,Department Store Atrium,Shop-in-Shop,9/19/24,11/23/24,65,LE-J7KHKHWQ,Dior Glow Primer,44.27,1668,1180,64.06,18.15384615,52238.6,108420
Guerlain,Middle East,Dubai,Department Store Atrium,Shop-in-Shop,8/7/24,9/9/24,33,LE-H9OI4HZZ,Guerlain Satin Primer,63.66,1350,1293,69,39.18181818,82312.38,44550
Givenchy Beauty,North America,Toronto,Airport Duty-Free,Standalone Pop-Up,1/14/25,4/5/25,81,LE-NDYDZF2H,Givenchy Beauty Pearl Blush,38.68,2121,793,79.3,9.790123457,30673.24,171801
Tom Ford Beauty,Europe,Paris,Art/Design District,Mall Kiosk,3/2/24,4/10/24,39,LE-JOHHW772,Tom Ford Beauty Pearl Primer,53.4,1210,548,70.71,14.05128205,29263.2,47190
Hourglass,Europe,Madrid,Art/Design District,Shop-in-Shop,4/12/25,5/14/25,32,LE-Y7ER964W,Hourglass Opulence Mascara,58.29,987,2206,75.81,68.9375,128587.74,31584